4919 5890
2295 571 2381 637 35

711 800 929 859 turae
977 780 1367 853 thesauros
1418 776 1845 867 recludere,
1915 774 2536 875 profundissimos
2605 799 2944 849 recessus
2996 775 3399 869 illustrare,
3455 793 3530 853 et
3582 778 3951 854 obscuris-

710 886 911 963 sima
946 907 1282 979 quaeque
1322 879 1705 976 'mysteria
1761 877 2058 976 aperire
2110 880 2408 952 audent.
2514 877 2797 974 Ecquis
2853 877 3067 952 enim
3119 894 3252 971 est,
3306 880 3613 980 quinon
3655 881 3951 960 noverit

713 983 1333 1060 elohemi-sticum
1391 982 1621 1054 istam
1695 994 1985 1066 artem,
2057 992 2130 1053 et
2204 979 2428 1078 hujus
2501 979 2966 1081 magistrum
3046 981 3643 1061 celeberrimum
3723 987 3950 1065 illum

716 1084 1316 1186 Theophrastum
1387 1084 1885 1154 Bombastum
1941 1079 2435 1151 Par-acelsum
2458 1085 2500 1153 ?
3913 1108 3941 1127 ⁸

1025 1189 1233 1259 Inter
1286 1183 1754 1281 philosophos
1807 1195 2088 1268 autem,
2143 1181 2273 1279 qui
2309 1180 2560 1256 studio
2613 1194 2931 1257 naturae
2986 1197 3061 1256 et
3115 1196 3463 1267 veterum
3497 1213 3945 1268 monumen-

708 1308 974 1367 ‘torum
1028 1285 1348 1361 exerciti
1402 1286 1751 1360 altiorem
1802 1283 2169 1359 scientiae
2220 1284 2559 1383 speciem
2613 1283 3108 1382 asspirabant‚
3162 1288 3553 1365 maximus
3589 1317 3783 1369 ,sane
3835 1311 3949 1371 est

715 1394 1108 1472 :lot-danus
1138 1392 1414 1477 Bruno,
1462 1387 1589 1461 vir
1616 1386 2052 1487 ingeniosus
2106 1398 2179 1458 et
2212 1400 2500 1478 acutus,
2555 1386 2708 1484 qui,
2762 1387 2950 1481 quod
2985 1404 3412 1465 memoratu
3457 1391 3778 1493 dignum
3811 1412 3948 1489 est,

720 1520 866 1573 non
918 1515 1146 1568 suam
1196 1490 1417 1563 modo
1469 1487 1898 1584 mentisque
1945 1500 2324 1578 naturam,
2379 1512 2653 1562 verum
2707 1487 2944 1562 etiam
2997 1490 3330 1583 suitam
3381 1493 3656 1569 furiosi
3706 1497 3948 1597 impe-
4040 1481 4048 1489 ’

716 1611 837 1673 tus
904 1608 977 1669 et
1039 1589 1271 1671 studii
1338 1591 1574 1665 finem
1642 1588 2220 1689 comprehendit
2288 1587 2616 1685 sibique
2658 1591 3042 1688 proposuit
3120 1616 3257 1689 ope
3336 1595 3683 1672 maxime
3761 1601 3949 1680 artis

716 1697 1028 1777 Lulliae
1081 1697 1379 1770 efficere
1433 1691 1704 1767 mundi
1774 1689 2287 1791 intelligibilis
2353 1705 2424 1764 et
2476 1691 2854 1767 sensibilis
2918 1693 3533 1790 conjunctionem
3597 1713 3672 1774 et
3732 1702 3949 1776 unio.

718 1826 921 1880 uem.
1028 1794 1399 1874 Videmus
1452 1793 1695 1889 igitur
1744 1793 1823 1868 in
1878 1792 2022 1867 hoc
2073 1792 2446 1891 proposito
2506 1792 2785 1866 mentis
2838 1783 3223 1871 humanae
3275 1797 3616 1872 studium
3668 1801 3786 1876 sui
3837 1804 3947 1901 ip-

720 1907 879 1981 sius
933 1916 1008 1976 et
1061 1913 1403 1987 naturae,
1452 1896 1614 1971 sive
1663 1894 1930 1969 idealis
1986 1908 2059 1968 et
2105 1897 2332 1968 realis
2387 1893 2977 1990 disjunctionem
3025 1895 3375 1987 tollendi,
3428 1913 3502 1972 et
3552 1927 3790 1997 quum
3834 1932 3945 1982 re„

722 2000 1083 2082 stituendi
1137 2022 1405 2072 veram
1457 1995 2039 2095 philosophiam,
2090 2009 2260 2068 tum
2312 1994 2633 2093 parandi
2687 1994 3108 2094 perfectam
3161 1995 3548 2074 idealismi
3588 2003 3946 2081 formam.

720 2109 1017 2183 Verum
1072 2100 1468 2177 enimvero
1519 2111 1594 2172 et
1643 2097 1929 2196 ipseet
1980 2096 2135 2186 ille,
2180 2096 2309 2192 qui
2356 2095 2676 2169 eandem
2733 2096 2998 2171 mundi
3055 2096 3563 2200 intelligibilis
3615 2118 3711 2195 ,et
3780 2130 3944 2181 sen-

721 2203 967 2284 sibilis
1009 2197 1714 2277 reconciliationem
1769 2211 1843 2271 et
1895 2196 2406 2296 expiationem
2461 2197 2771 2272 molitus
2819 2210 2968 2285 est,
3016 2193 3380 2272 Lucilius
3433 2201 3760 2296 Vareim',
3834 2209 3942 2284 vi..

721 2322 848 2385 tae
895 2328 1169 2406 poenas
1205 2301 1475 2376 dedere
1518 2302 1929 2375 Ecclesiae.
2518 2349 2552 2400 ·.
3411 2382 3412 2385 Ἴ

815 2478 817 2481 ,
1021 2403 1552 2505 Physicorum‚
1604 2398 2148 2500 experimentis
2195 2412 2501 2473 tantum
2553 2423 2867 2498 operam
2900 2400 3377 2492 navantium,
3427 2403 3593 2479 sive
3629 2407 3942 2506 empiri-

728 2531 1022 2602 corum,
1071 2529 1397 2605 quorum
1449 2517 1709 2578 auctor
1757 2503 1891 2576 ille
1943 2501 2127 2577 satis
2196 2501 2616 2577 celebratus
2669 2500 3044 2601 Anglicus
3108 2504 3308 2577 Baco
3360 2529 3408 2577 a
3466 2505 3946 2606 Verulamio,

726 2639 812 2690 eo
866 2614 1113 2689 solum
1165 2607 1635 2683 mentionem
1705 2603 2112 2693 faciamus,
2166 2602 2357 2699 quod
2411 2603 2492 2677 in
2541 2625 2810 2674 eorum
2860 2603 3115 2677 salvae
3169 2607 3472 2691 mentis,
3523 2623 3606 2682 ut
3654 2611 3942 2708 dicunt,

726 2715 959 2792 fundo
1013 2733 1294 2786 novam
1342 2721 1417 2781 et
1463 2728 1732 2778 veram
1782 2703 2129 2799 quidem,
2199 2703 2452 2776 nescio
2508 2725 2739 2800 quam
2806 2702 3366 2803 philosophiam
3430 2722 3725 2788 struere
3775 2743 3945 2815 per.

730 2816 959 2894 multi
1008 2810 1295 2910 opinati
1346 2819 1518 2882 sunt
1571 2818 1646 2877 et
1697 2802 1942 2879 adhuc
1994 2805 2423 2901 opinantur.
3563 2876 3570 2879 ,

1028 2912 1312 3009 Quibus
1366 2904 1847 3008 gravissimis
1901 2930 2141 2981 novae
2200 2902 2718 3004 philosophiae
2751 2927 2859 3002 3ac
2909 2901 3393 3002 potissimum
3463 2908 3733 2988 tertiae
3780 2940 3944 3014 per-

729 3024 975 3100 fectae
1044 3019 1205 3115 ejus
1265 3013 1563 3087 formae
1623 3006 1870 3083 initiis
1938 3008 2317 3098 absolutis,
2373 3028 2772 3079 summum
2835 3003 3114 3082 mentis
3187 3008 3526 3086 studium
3577 3012 3817 3092 denuo
3863 3021 3946 3099 in

732 3107 830 3201 iis
881 3115 1439 3220 quaestionibus
1488 3110 1778 3185 versari
1827 3110 2207 3188 videmus:
2257 3106 2435 3205 quid
2488 3108 2641 3182 sint
2694 3119 2766 3179 et
2818 3133 3010 3203 quae
3051 3106 3300 3200 jdeae,
3354 3137 3586 3207 quam
3622 3126 3946 3202 auctori-2

731 3243 971 3304 tatem
1024 3236 1098 3296 et
1145 3218 1625 3314 dignitatem,
1671 3235 2049 3303 quamque
2102 3235 2283 3283 cum
2336 3208 2556 3283 rebus
2610 3206 2937 3284 habeant
2976 3211 3645 3312 communionem,
3699 3227 3945 3300 mani·
3991 3276 3996 3280 «

616 3360 637 3379 ⁸
732 3321 1164 3402 festendum
1217 3330 1288 3389 et
1344 3308 1863 3384 disserendum
1915 3307 2225 3380 omnino
2278 3320 2426 3394 est,
2494 3319 2760 3378 utrum
2814 3324 3107 3381 nostrae
3168 3314 3449 3389 mentis
3514 3318 3729 3396 ideae
3782 3350 3946 3402 eae-

736 3427 912 3502 dem
962 3424 1139 3512 sint,
1192 3441 1283 3492 ac
1334 3409 1641 3487 divinae
1692 3419 1768 3482 et
1817 3430 2106 3498 rerum,
2149 3429 2289 3482 nec
2340 3406 2488 3481 ne?
2537 3415 2612 3478 et
2663 3403 2729 3477 si
2786 3430 2963 3479 vere
3013 3406 3162 3481 sint
3180 3462 3204 3499 ‚
3271 3436 3502 3506 quam
3553 3422 4015 3513 ‹1uantam-'⁸

739 3552 884 3626 que
938 3523 1375 3600 contineant
1421 3513 1503 3585 in
1558 3521 1812 3583 mente
1865 3522 1941 3582 et
1991 3508 2212 3584 rebus
2265 3506 2694 3582 realitatem
2749 3519 2822 3579 et
2872 3519 3363 3604 potestatem-5
3414 3517 3781 3609 quomodo
3823 3523 3980 3600 de:

741 3631 993 3725 nique,
1040 3623 1107 3699 si
1156 3620 1346 3710 sint,
1400 3612 1613 3689 ideae
1663 3609 2007 3709 singulae
2059 3609 2262 3684 inter
2302 3633 2384 3683 se
2441 3606 2892 3681 cohaereant
2958 3623 3031 3681 et
3098 3610 3193 3684 ad
3252 3636 3493 3688 unam
3525 3621 3532 3626 ‘⁷
3555 3619 3953 3702 summam

745 3731 1306 3818 absolutamque
1373 3713 1820 3815 pertineant.
1940 3710 2224 3807 Quibus
2285 3708 2680 3808 propositis
2755 3709 3057 3802 solutis,
3129 3710 3623 3794 ideah'smum
3698 3724 3953 3823 ipsum

743 3830 1168 3934 perfectum
1220 3834 1293 3895 et
1344 3817 1767 3892 absolutum
1819 3812 2007 3904 fore,
2059 3811 2264 3886 inter
2312 3834 2577 3885 omnes
2626 3809 2809 3884 satis
2859 3825 3169 3886 constat.

992 3917 999 3922 ’
1040 3917 1515 4002 Recentioris
1565 3939 1696 3988 seu
1747 3914 2136 3990 rationalis
2189 3911 2457 3988 aetatis
2508 3908 3065 4007 philosophiam
3131 3937 3310 3988 vere
3374 3915 3768 4000 exorditur
3816 3923 3953 4000 Re.

744 4045 977 4109 naeus
1025 4021 1446 4103 Genesim,
1487 4014 1580 4089 de
1629 4014 1944 4090 scientia
1997 4039 2185 4111 pura
2238 4037 2365 4086 seu
2423 4010 2779 4089 rationali
2847 4012 3390 4089 meritissimus
3446 4018 3952 4124 philosophus,

660 4137 671 4142 ”
745 4138 869 4212 vel
932 4130 1174 4231 potius
1231 4113 2434 4213 methematico-metaphysicus.
2554 4112 2925 4212 Physicae
2978 4113 3578 4214 mathesiosque,
3612 4129 3955 4206 maxime

750 4251 1008 4313 autem
1058 4241 1409 4302 veterum
1461 4216 2075 4318 philosophorum
2126 4215 2218 4289 de
2271 4214 2389 4288 his
2450 4212 2674 4287 rebus
2739 4213 3038 4312 placitis
3102 4241 3341 4313 quum
3407 4220 3595 4298 beno
3659 4223 3956 4303 instita.

749 4356 892 4428 tus,
947 4329 1214 4407 multis
1266 4337 1524 4398 autem
1567 4317 1953 4414 variisque
1998 4315 2325 4413 cognitis
2377 4312 2886 4410 perturbatus,
2938 4314 3305 4393 scientiae
3369 4321 3692 4396 traditae
3760 4329 3957 4402 veri·
4035 4319 4092 4334 ”

751 4452 988 4515 tatem
1059 4431 1221 4505 fere
1288 4425 1747 4519 desperaret,
1817 4417 2279 4492 dubitatione
2345 4418 2565 4513 plane
2636 4414 2984 4491 irritatus
3048 4441 3364 4492 omnem
3434 4420 3845 4504 scientiam
3911 4455 3956 4508 a

756 4533 1139 4639 primitiis
1176 4527 1514 4622 incipere
1561 4546 1651 4595 ac
1702 4544 1837 4595 sua
1890 4518 2122 4615 ipsius
2178 4517 2256 4590 vi
2314 4516 2651 4614 proferre
2703 4516 3013 4590 studuit.
3163 4591 3168 4600 ,
3591 4553 3592 4560 1

1053 4630 1371 4706 Initium
1424 4618 1983 4719 uniuscujusvis
2037 4643 2257 4693 verae
2307 4616 2671 4692 scientiae
2724 4642 2884 4691 esse
2933 4617 3300 4714 placitum
3352 4616 3574 4696 illud:
3625 4630 3958 4724 „cog-ito,

757 4761 942 4835 ergo
991 4736 1248 4822 sum“,
1302 4727 1352 4802 i.
1407 4750 1469 4799 e.
1525 4722 1606 4797 in
1661 4720 1940 4796 mentis
1993 4719 2287 4795 actione
2341 4717 2686 4811 cog-itare
2737 4735 2811 4793 et
2861 4740 3027 4789 esse
3078 4743 3228 4793 una
3293 4744 3476 4796 saue
3556 4730 3959 4825 conjuncta
4066 4809 4073 4814 ,

759 4857 835 4916 et
883 4836 1151 4913 eadem
1206 4853 1363 4903 esse
1414 4824 1749 4943 putavit,
1801 4819 1993 4918 quod
2041 4821 2240 4894 ultra
2293 4818 2437 4894 hoc
2478 4815 2912 4919 cogitatum
2962 4817 3101 4906 sit,
3153 4820 3408 4896 Deum
3462 4845 3619 4900 esse
3672 4842 3746 4901 et
3793 4829 3960 4907 inst,

759 4942 1051 5028 initum,
1122 4929 1314 5028 quod
1373 4941 1570 5002 citra
1624 4922 1810 4998 illud
1865 4921 1987 5013 sit,
2035 4946 2191 4996 esse
2239 4918 2568 4993 finitum.
2671 4922 2934 5016 ltaque
2984 4917 3374 5015 cogitandi
3442 4925 3639 5002 actio
3704 4927 3866 5025 ipsa
3918 4931 4036 5012 0‘'

759 5043 918 5116 Deo
975 5033 1296 5110 efficitur
1346 5030 1430 5103 in
1484 5025 1742 5102 animo
1782 5037 1867 5097 et
1920 5022 2218 5097 nonnisi
2273 5044 2478 5115 vera*
2514 5043 2669 5093 esse
2719 5033 2972 5117 potest.
3082 5017 3332 5114 Quum
3398 5038 3654 5100 autem
3717 5032 3967 5104 omnis

3009 5119 3163 5192 1332
