4919 5890
2561 413 2584 425 ,

2561 482 2578 497 Ι

2531 504 2632 571 40

986 738 1155 816 tum
1217 712 1310 792 a‘b
1381 710 1769 787 intellectu
1837 710 2038 807 ejus',
2104 705 2236 783 sed
2300 706 2542 782 etiam
2595 732 2639 783 a
2691 706 3122 802 voluntate3
3185 698 3366 785 »id‘ea
3418 696 3630 786 enim
3685 715 4207 814 cujuscunque

980 824 1101 901 rei
1153 814 1497 894 medium
1550 827 1683 902 est,
1737 836 1905 908 quo,
1955 812 2116 913 Deo
2168 808 2580 899 efficiente,
2645 809 3006 887 monades
3057 810 3140 884 in
3192 835 3272 885 se
3322 813 3523 909 ipsas
3587 813 3919 890 influunt
3963 831 4212 913 atque

984 947 1148 1005 sese
1197 917 1551 997 excitant.
1658 909 1954 1010 Corpus
2006 909 2302 985 exsistit
2350 936 2444 984 ex
2494 910 2772 984 unione
2825 935 3009 985 cum
3059 913 3521 1004 entelechia,
3573 917 3696 989 vel
3769 916 4069 1011 anima,
4136 929 4212 991 et

991 1031 1154 1126 ejus
1213 1017 1397 1120 ope,
1455 1016 1970 1113 cujuscunque
2034 1011 2151 1085 rei
2201 1010 2341 1101 sit,
2395 1036 2730 1109 quaeque
2779 1011 2927 1123 sibi
2974 1012 3423 1087 universum
3468 1015 3689 1111 quasi
3740 1020 4040 1115 speculo
4094 1043 4209 1094 re·
4263 1080 4270 1089 ,

990 1135 1403 1229 presentat3
1456 1124 1800 1192 ceterum
1848 1123 2117 1213 corpus
2169 1126 2244 1186 et
2295 1111 2597 1203 anima,
2665 1112 2912 1185 immo
2981 1112 3272 1189 animal
3334 1116 3586 1212 ipsum
3654 1131 3830 1192 ante
3899 1143 4212 1217 concep-

990 1233 1281 1308 tionem
1333 1224 1505 1319 jam‘
1546 1241 1726 1316 prae
1766 1213 2141 1313 exstiterit
2188 1239 2490 1288 necesse
2544 1227 2677 1304 est,
2724 1226 3110 1310 propterea
3166 1214 3360 1311 quod
3413 1241 3552 1291 nec
3603 1221 4017 1317 generatio,
4072 1244 4212 1297 nec

995 1353 1202 1409 mors
1248 1321 1633 1424 ⁴p‘erl'ecta3
1715 1316 1979 1415 anima
2044 1314 2254 1389 enim
2320 1315 2719 1389 involucra
2784 1315 3151 1413 organica
3217 1330 3477 1391 vetera
3543 1319 3951 1415 relinquit,
4019 1343 4216 1396 nova

994 1431 1203 1531 ⁵<sapit
1251 1440 1328 1502 et
1376 1423 1538 1520 ipsa
1589 1413 2212 1492 indestructibilis
2266 1415 2618 1503 altiorem
2690 1415 3232 1510 perfectionem
3275 1418 3507 1517 petit.
3627 1418 3787 1512 Quo
3849 1423 4213 1520 sequitur,

998 1552 1275 1630 corpus
1312 1538 1388 1599 et
1439 1521 1813 1609 animam,
1866 1531 2275 1614 utrumque
2327 1541 2464 1613 per
2515 1542 2592 1590 se
2648 1529 2722 1589 et
2772 1530 3116 1592 constare
3171 1531 3246 1591 et
3296 1542 3556 1614 agere„
3648 1519 3931 1598 Omnes
3987 1525 4211 1605 ratio·

999 1664 1096 1715 ne
1146 1625 1527 1732 praeditae
1579 1622 1886 1695 animae
1935 1644 2068 1694 seu
2117 1617 2431 1716 spiritus
2476 1617 2840 1692 unionem
2894 1641 3079 1693 cum
3128 1620 3291 1695 Deo
3343 1619 3623 1695 habent
3686 1621 3838 1714 ita,
3903 1637 3990 1698 ut
4056 1610 4210 1698 eas—

886 1788 889 1791 ·
999 1742 1176 1817 dem
1240 1742 1583 1807 aeternas
1649 1721 2009 1795 veritates
2081 1732 2530 1816 sequantur,
2608 1742 2752 1816 quo
2819 1718 3130 1816 quidem
3204 1719 3500 1794 exsistit
3574 1736 3812 1797 status
3877 1724 4026 1798 Dei
4091 1725 4214 1798 vel

998 1854 1331 1941 regnum
1368 1824 1663 1929 gratiae
1714 1822 2166 1897 et'mundus
2217 1820 2559 1909 moralis,
2611 1820 3040 1896 contrarius
3070 1833 3386 1896 naturae
3416 1820 3691 1897 ordini.
3796 1824 4215 1900 Summum

1001 1929 1649 2035 denique-bonum
1682 1924 2131 1999 humanum
2181 1946 2310 1995 seu
2363 1920 2744 1996 beatitudo
2799 1921 3107 1998 animae
3169 1923 3517 1998 consistit
3568 1924 3649 1998 in
3701 1924 3980 2001 unione
4031 1948 4214 2001 cum

999 2047 1187 2131 Deo,
1237 2028 1443 2110 haud
1491 2025 1659 2123 ideo
1710 2024 1994 2099 virtute
2044 2021 2613 2119 actionibusque
2657 2022 3039 2122 despretis.

1090 2238 1115 2249 x
1296 2163 1583 2260 Quibus
1643 2158 1904 2234 relatis
1966 2156 2151 2234 satis
2232 2172 2712 2255 compertum
2781 2156 3321 2259 cognitumque
3375 2156 3793 2234 habeamus
3843 2158 4220 2235 Leibnitii
4326 2233 4330 2237 .

1005 2269 1437 2354 doctrinam
1488 2261 1852 2361 ejusdem,
1905 2285 1997 2335 ac
2045 2256 2384 2334 Cartesii
2448 2272 2524 2332 et
2575 2259 2978 2357 Spinozae,
3047 2262 3204 2336 esse
3239 2275 3589 2359 *naturae
3654 2274 3729 2334 et
3797 2259 4220 2352 idealismi·,

1006 2378 1139 2478 qui
1237 2390 1477 2446 unam
1572 2365 1990 2437 alteramve
2086 2360 2435 2459 priorum
2529 2360 3098 2456 pantheismum
3180 2361 3603 2436 vocandam
3687 2375 3935 2459 putet,
4019 2360 4219 2435 hanc

1012 2468 1278 2556 eodem
1325 2465 1639 2559 ,nomine
1692 2464 1758 2536 is
1812 2474 2190 2557 nuncupet
2245 2483 2547 2534 necesse
2600 2485 2780 2533 esse.
2883 2460 3020 2533 Est
3069 2458 3280 2534 enim
3333 2461 3524 2535 llaec
3555 2460 4030 2535 emendatior
4057 2474 4219 2537 tan-

1009 2599 1181 2659 tum
1232 2566 1802 2661 distinction-que
1845 2577 1919 2637 et
1967 2561 2350 2636 definitior
2400 2561 2564 2656 ejus
2615 2558 3042 2657 explicatio,
3098 2560 3291 2657 quod
3346 2558 4222 2653 Cartesius-substantiq

1011 2677 1381 2777 simpleoe,
1434 2667 1757 2767 Spinoza
1810 2678 2067 2739 autem
2142 2652 2290 2733 Dei
2337 2659 2714 2733 attributa
2783 2684 2875 2758 ap
2930 2662 3241 2754 ellat*);
3307 2686 3776 2777 quamquam
3838 2652 3998 2760 ipse
4065 2686 4224 2736 mo-

1010 2780 1614 2863 nadum’auctor
1659 2766 2005 2865 putabat,
2053 2762 2329 2837 iisdem
2382 2761 2753 2860 Spinozae
2801 2787 2884 2836 su
2941 2766 3302 2838 stantiam
3371 2778 3446 2838 et
3508 2763 3948 2861 simplicem
4011 2764 4226 2861 quasi

1011 2880 1358 2964 divisisse
1423 2884 1499 2948 et
1560 2866 1940 2943 limitibus
1999 2863 2472 2956 definivisse,
2535 2861 2664 2964 id,
2704 2861 2898 2963 quod
2948 2863 3358 2962 Spinozam
3423 2866 3586 2962 jam
3640 2863 3898 2963 ipsum
3948 2862 4226 2944 discre-

1011 2969 1391 3076 visse,'ut'
1424 3000 1522 3049 ex
1571 2967 2180 3046 antecedentibus
2230 2965 2463 3040 facile
2516 2979 2626 3042 est
2677 2979 3097 3064 perspectu,
3149 2966 3352 3042 inter
3401 2990 3664 3043 omnes
3713 2963 4040 3043 constat.¹

1308 3112 1869 3188 Verumtamen
1902 3100 2357 3198 ¹Leibnitius
2407 3098 2606 3174 hanc
2679 3098 3021 3174 maxime
3083 3098 3232 3175 sibi
3295 3101 3604 3178 laudem
3667 3102 3970 3177 videtur
4033 3101 4230 3200 apud

1017 3234 1348 3327 posteros
1400 3230 1938 3309 comparasse,
1978 3201 2447 3290 doctrinam,
2518 3224 2710 3296 quae
2762 3212 3144 3293 versatur,
3209 3214 3297 3276 ut
3347 3203 3506 3302 ipse
3571 3202 3910 3292 dicebat,
3979 3203 4063 3277 in
4113 3227 4230 3278 re-

1020 3328 1246 3426 gi'one
1292 3313 1684 3397 idearum,
1738 3303 1966 3380 sicuti
2022 3303 2271 3378 nullus
2325 3301 2648 3416 duopam
2716 3301 3094 3397 priorum,
3162 3303 3292 3400 qui
3359 3306 3432 3378 ei
3496 3304 3712 3379 viam
3775 3305 4231 3403 aperierant,

1018 3431 1265 3504 immo
1330 3413 1457 3488 vel
1522 3432 1744 3485 nemo
1809 3419 2195 3494 veterum,
2265 3404 2511 3490 clare,
2573 3398 2925 3478 distincte
2991 3418 3067 3478 et
3126 3407 3378 3505 ample
3443 3405 3867 3502 explorasse
3933 3419 4008 3479 et
4053 3395 4234 3481 enu·

1018 3533 1328 3606 cleasse.
1433 3513 1533 3587 Et
1581 3514 2049 3608 quamquam
2098 3530 2248 3580 non
2303 3503 2843 3601 minuapurae
2891 3502 3320 3605 theologiae
3368 3529 3645 3581 nomen
3697 3506 3771 3581 ei
3822 3519 3934 3581 est
3990 3506 4232 3607 impo-

1020 3623 1398 3710 nendum,
1455 3629 1718 3689 tamen
1778 3604 2371 3708 postponendum
2438 3602 2744 3680 videtur
2789 3604 3374 3703 Spinozisticae,
3436 3607 3504 3686 si
3566 3622 3992 3707 spectemus
4057 3633 4232 3688 con·

1020 3733 1255 3814 cinne
1299 3731 1374 3793 et
1426 3711 1795 3814 praecise,
1864 3721 2406 3805 consequenter
2454 3718 2531 3779 et
2577 3730 2762 3802 pure
2830 3708 3302 3801 exploratam
3365 3731 3626 3781 rerum
3694 3708 4235 3808 notionumque

1021 3829 1428 3907 rationem.
1530 3815 1784 3908 Neque
1838 3809 2093 3888 minus
2143 3806 2289 3884 sibi
2339 3807 2645 3882 laudem
2699 3831 2784 3878 eo
2829 3804 3127 3896 ascivit,
3177 3806 3369 3905 quod
3421 3807 3770 3886 monadis
3821 3825 4097 3896 natura
4130 3808 4235 3902 id,

1026 3925 1221 4028 quod
1286 3920 1490 3996 reale
1554 3929 1653 3996 et,
1688 3910 1931 3987 ideale
1989 3908 2290 3999 dicunt,
2355 3909 2439 3983 in
2501 3929 2745 3982 unum
2813 3905 3446 4003 comprehendere
3507 3911 3897 4004 statuerit,
3961 3934 4232 3986 verum

1025 4025 1245 4118 haud,
1282 4015 1615 4118 naturali
1667 4014 1787 4088 vel
1837 4010 2181 4088 sensibili
2230 4010 2478 4099 modo,
2532 4004 2662 4083 sed
2711 4005 3181 4107 intelligibili
3231 4013 3357 4085 vel
3408 4008 3671 4090 ideali.

1330 4146 1417 4224 Si
1468 4141 1638 4241 quis
1691 4153 1949 4216 autem
2000 4136 2197 4212 forte
2250 4145 2605 4231 quaerat,
2660 4156 2807 4227 qua
2857 4125 3528 4212 ratione‘notionis
3581 4134 3826 4211 ideale
3890 4146 3967 4207 et
4033 4136 4237 4211 reale

1030 4259 1512 4333 momentum
1560 4275 1667 4322 .--=-
1714 4242 1798 4316 in
1847 4264 1992 4337 quo
2046 4238 2369 4312 discreto
2390 4234 2819 4330 “haeserant
2853 4234 3331 4327 Scholastici,
3386 4279 3489 4296 -—
3521 4235 3701 4313 'sive
3749 4234 3947 4324 idea,
4000 4247 4237 4311 aeter·

1004 4380 1253 4444 nave,
1299 4365 1385 4425 ut
1432 4344 1768 4433 dicebat,
1820 4333 2129 4429 veritas,
2182 4337 2417 4422 etiam
2473 4346 2731 4409 actum
2785 4334 2933 4410 Dei
2985 4336 3449 4430 intellectus,
3485 4337 3725 4413 rebus
3775 4337 3960 4434 ipsis
4023 4336 4238 4412 inna-

1030 4476 1228 4546 tum,
1280 4475 1442 4549 qua·
1478 4446 1795 4534 ratione,
1847 4441 2045 4532 dico,
2095 4440 2181 4527 in
2227 4459 2469 4520 unum
2520 4450 2899 4528 concreta,
2951 4438 3071 4511 vel
3126 4462 3267 4534 quo
3317 4439 3467 4515 Dei
3499 4438 3793 4516 :effectu
3843 4451 4011 4511 orta
4058 4434 4239 4527 sint,

1101 4793 1164 4860 ιο)
1210 4743 1316 4842 cfr.
1363 4778 1626 4836 Leib'nitli
1670 4769 1895 4847 epistol.
1929 4767 1991 4825 in
2026 4766 2127 4824 M.
2165 4766 2554 4851 cenasse-1122·
2586 4764 2810 4828 diatrib.
2855 4763 2926 4820 de
2958 4763 3359 4822 Enthmiumo
3395 4764 3683 4834 Plctpnico
3702 4749 3732 4820 ε’
3767 4747 4101 4838 „objectum
4150 4782 4246 4819 a·

1170 4853 1415 4930 pientiae
1459 4865 1577 4904 esse
1622 4846 1692 4900 τὰ
1729 4840 1896 4902 ὅπως
1928 4841 2091 4906 ὄντα,
2138 4837 2478 4894 substantae
2529 4852 2734 4924 nempe
2763 4834 3084 4908 :implicem
3133 4851 3277 4906 qnae
3308 4851 3350 4888 ι
3376 4835 3770 4890 memorandos
3802 4853 3873 4909 ap
3916 4834 4156 4891 ellantnr
4191 4847 4245 4894 et

1171 4924 1340 4982 semel
1378 4923 1671 4974 existentes
1706 4927 1928 4982 semper
2000 4913 2234 4975 erstant,
2265 4913 2446 4978 πρε-ἰτα
2481 4908 2690 4961 Conana
2724 4910 2822 4974 τῆς
2855 4905 2989 4974 ζωῆς
3021 4907 3061 4962 ἰ.
3099 4919 3144 4960 c.
3180 4900 3365 4959 Deum
3401 4913 3455 4960 et
3490 4905 3740 4971 animas,
3785 4916 3842 4960 ct
3931 4921 4095 4961 amm
4134 4922 4246 4979 po-

1170 4994 1453 5050 tissimum
1486 4992 1720 5049 nentes.
1754 4981 1970 5055 produt
2060 4997 2094 5034 a
2127 4978 2249 5034 neo
2284 4976 2582 5032 simulam
2617 4975 2988 5031 divinitatio-’⁹
3019 4995 3091 5019 ι-
3585 4995 3594 5018 s‘
