4919 5890
3597 976 3604 983 ,
3638 916 3812 1003 &holt

2557 1156 2564 1163 “
2689 1157 2700 1163 ·
2795 1134 2957 1211 fvi&
3028 1145 3186 1209 ‘misi
3213 1148 3228 1157 ''
3261 1164 3298 1195 ‘c

2731 1270 2749 1281 ”’
2781 1245 3166 1325 „tolegissfllssi
3219 1284 3248 1309 υ
3269 1312 3272 1313 ⁷
3295 1282 3324 1303 ¹¹

1296 1386 1360 1490 ·.
1454 1381 2179 1565 :nans
2275 1379 3242 1654 PRIMnJW
3510 1312 3600 1519 k

1948 1738 1982 1775 Ο
2104 1738 2514 1806 ja

1768 1926 1781 1953 ‘
1906 1960 2139 2066 DE
2246 1958 2716 2062 IDEA.

580 2349 596 2363 .
705 2219 957 2382 Inter
1016 2316 1281 2387 omnes
1343 2292 1857 2391 philosophiae
1921 2293 2381 2386 theoreticae
2445 2317 2577 2370 seu
2627 2288 3139 2391 speculativae
3189 2291 3656 2387 quaestiones
3707 2293 3909 2369 haud

610 2396 621 2435 f
703 2394 938 2470 facile
989 2398 1230 2469 ullam
1281 2394 1647 2491 a-primis
1694 2393 2060 2470 scientiae
2109 2394 2480 2469 aetatibus
2530 2392 2920 2485 invenias,
2979 2415 3180 2491 quae
3231 2391 3326 2466 ad
3372 2408 3627 2469 nostra
3677 2419 3910 2492 usque

704 2512 1051 2595 tempora
1118 2492 1370 2593 magis
1415 2506 1777 2587 tractata,
1844 2507 1920 2571 et
1970 2493 2061 2569 de
2112 2518 2259 2590 qua
2307 2492 2596 2587 diutius¹
2643 2492 3218 2590 distinctiusque
3267 2493 3366 2567 sit
3418 2492 3908 2593 disputatum,

705 2621 944 2696 quam
996 2595 1088 2671 de
1112 2593 1489 2668 ·-idea1·um
1539 2595 1903 2671 doctrina.
2009 2597 2263 2689 Neque
2304 2621 2485 2671 vero
2539 2595 2805 2694 negari
2857 2609 3131 2691 potest,
3186 2597 3382 2668 hanc
3434 2596 3681 2692 ipsam
3734 2623 3909 2674 acu-

707 2698 949 2780 minis
995 2695 1498 2795 philosophici
1546 2696 1761 2793 quasi
1813 2720 1970 2770 esse
2013 2693 2347 2790 lapidem
2412 2692 2803 2793 Lydium,
2891 2708 2966 2768 et
3023 2692 3609 2771 fundamentum
3661 2701 3910 2775 omnis

711 2824 942 2876 verae
993 2797 1364 2889 scientiae·
1408 2820 1539 2868 seu
1588 2796 2124 2894 philosophiae.
2226 2798 2385 2890 Quo
2440 2794 2649 2866 enim
2701 2794 2927 2889 altius
2964 2793 3443 2891 philosophus
3471 2790 3912 2894 acutiusque

667 2977 672 2982 ,
715 2923 890 2976 eam
944 2911 1017 2972 et
1065 2896 1487 2995 perceperit
1537 2910 1611 2970 et
1661 2895 2067 2987 erudierit,
2134 2920 2219 2968 eo
2274 2894 2903 2994 praestantiorem
2956 2905 3080 2983 et,
3143 2906 3229 2968 ut
3280 2895 3385 2968 ita
3438 2895 3736 2988 dicam,
3801 2898 3912 2971 di·-

715 2998 1098 3074 viniorem
1170 3021 1349 3073 eum
1412 2997 1619 3090 fore,
1695 2998 1900 3073 inter
1959 2999 2229 3070 omne's*
2279 2999 2508 3094 plane*
2563 3008 2873 3070 constat.
2988 2996 3323 3074 Fuerunt
3370 2990 3611 3095 igitur
3659 2998 3913 3096 prima

680 3102 853 3177 -illa
905 3098 1382 3178 Graecorum
1435 3098 1748 3196 ingenia
1797 3095 2336 3195 philosophica,
2370 3121 2578 3195 ,quae
2621 3095 2859 3171 etiam
2911 3096 3002 3170 de
3049 3094 3242 3170 ideis
3278 3098 3796 3193 quaestionem
3841 3113 3916 3174 et

719 3205 805 3277 in
859 3202 1204 3276 medium
1255 3201 1626 3290 tulerunt,
1706 3211 1779 3272 et
1826 3210 1990 3273 tam
2059 3197 2392 3274 mirifice
2452 3193 3001 3295 quodammodo
3071 3213 3608 3293 exposuerunt,
3684 3215 3769 3275 ut
3820 3199 3915 3274 ad

672 3373 673 3382 ,
722 3316 977 3378 nostra
1026 3325 1260 3396 usque
1310 3305 1656 3392 tempora
1706 3321 1973 3370 eorum
2023 3300 2304 3391 placita
2353 3313 2487 3372 aut
2535 3298 2775 3396 relata
2822 3310 3165 3384 tantum,
3238 3311 3369 3371 aut
3438 3317 3790 3399 corrupta
3842 3316 3915 3375 et

723 3405 940 3499 quasi
991 3401 1369 3475 abstracta
1416 3396 1926 3470 inveniantur.
2029 3397 2465 3471 Novissima
2511 3396 2820 3468 tandem
2872 3409 3076 3468 aetas
3108 3409 3360 3470 nostra
3399 3397 3481 3470 in
3509 3399 3710 3476 hanc
3739 3426 3914 3498 quo-

724 3528 869 3601 que
918 3525 1087 3575 rem
1140 3493 2109 3597 profundius‘severiusque
2162 3511 2561 3596 penetrans
2605 3492 3212 3592 splendidissima
3263 3501 3610 3572 exaravit
3649 3502 3913 3599 pretia.

1031 3600 1214 3695 Quis
1265 3607 1522 3675 autem
1571 3612 1682 3674 est
1731 3596 2383 3695 philosophorum,
2476 3593 2605 3691 qui
2672 3594 2963 3669 nesciat
3025 3594 3227 3668 inter
3289 3593 3629 3675 Graecos
3694 3602 3917 3676 illum

652 3773 659 3781 .
734 3702 1272 3780 admirabilem
1314 3699 1619 3792 virum,
1669 3697 2197 3798 philosophum
2240 3697 2763 3797 Pythagoran,
2843 3695 3187 3792 primum
3237 3694 3512 3792 fuisse,
3601 3701 3731 3797 qui
3779 3703 3915 3779 sub

730 3805 958 3879 unius
1026 3803 1666 3894 numerorumtpe
1737 3797 1989 3897 specie
2049 3797 2258 3873 ideas
2317 3796 2951 3888 subintellexerit,
3042 3797 3654 3895 simplicissimas
3714 3827 3918 3894 sane,

731 3903 860 3981 sed
912 3918 1169 3979 tamen
1220 3924 1442 3976 veras
1492 3901 1924 3997 primasque
1972 3909 2239 3975 rerum
2288 3897 2758 3992 definitiones
2808 3923 2948 3971 nec
2980 3922 3280 3993 prorsus
3306 3902 3920 3997 praetereundas!

731 4009 896 4081 Has
943 4006 1143 4102 ipsas
1191 4025 1452 4076 rerum
1499 4001 1790 4075 formas
1840 4000 2046 4074 Plato
2098 4000 2502 4098 praecipue
2543 3998 2752 4074 ideas
2802 4021 2933 4071 seu
2985 3998 3321 4075 notiones
3363 4004 3747 4099 generales
3796 4030 3925 4080 no-

735 4105 1105 4194 minavit,
1155 4117 1231 4177 et
1280 4101 1388 4175 ita
1442 4100 1536 4176 ad
1585 4101 1931 4175 altiorem
1991 4101 2300 4198 quidem
2347 4123 2607 4176 rerum
2658 4098 3258 4175 definiendarum
3305 4100 3642 4179 formam
3673 4129 3927 4180 ascen-

737 4209 890 4297 dit,
972 4228 1211 4299 neque
1285 4216 1543 4277 tamen
1609 4200 1705 4276 ad
1778 4225 1951 4276 eam
2019 4200 2674 4301 perspicuitatem,
2746 4222 2979 4296 quam
3043 4200 3142 4276 iis
3201 4201 3410 4276 dedit
3459 4204 3922 4280 Aristoteles.

735 4307 997 4388 Unum
1046 4302 1254 4378 enim
1304 4303 1494 4377 illud
1547 4301 2021 4402 Pythagorae
2070 4303 2267 4377 nihil
2318 4325 2622 4402 prorsus
2643 4299 3052 4398 <signifieat
3115 4302 3304 4392 nisi,
3386 4303 3578 4399 quod
3640 4326 3771 4375 suo
3819 4303 3930 4400 ip-

739 4408 895 4486 sius
972 4413 1183 4478 motu
1251 4401 1549 4500 aliquod
1623 4403 2301 4502 comprehensibile
2355 4404 2518 4478 sive
2588 4402 2999 4477 materiam
3065 4400 3144 4475 in
3200 4401 3503 4500 aliquod
3563 4417 3931 4498 punctum

744 4503 1168 4594 contrahit,
1220 4527 1450 4599 eoque
1504 4505 1720 4577 modo
1773 4505 2109 4601 aliquam
2161 4505 2285 4580 rei'
2328 4502 2718 4580 constituit
2777 4503 3427 4599 conjunctionem,
3480 4514 3746 4590 motus,
3804 4530 3934 4582 au·
4009 4505 4020 4512 “

654 4657 662 4670 ,
716 4623 907 4682 *tem
958 4606 1119 4700 ipse
1151 4601 1428 4701 triplex
1462 4597 1602 4678 est:
1656 4603 1871 4694 unio,
1924 4604 2289 4677 disunitio
2339 4630 2470 4680 seu
2521 4604 2926 4702 disjunctio
2977 4616 3054 4677 et
3103 4599 3700 4698 comprehensim
3751 4630 3937 4704 quas

747 4709 815 4783 si
865 4705 1240 4804 singulas,
1294 4717 1376 4777 ut
1425 4704 1507 4779 in
1558 4719 1943 4804 posterum
1986 4705 2159 4780 fieri
2209 4703 2465 4806 debet,
2514 4703 3088 4802 contempleris,
3151 4702 3304 4779 tria
3352 4701 3786 4803 explicandi
3826 4708 3936 4804 ip-

749 4809 907 4882 sius
958 4803 1184 4879 unius
1233 4803 1395 4878 sive
1446 4805 1661 4882 ideae
1710 4820 2101 4882 momenta
2166 4806 2566 4907 concipies.
2695 4807 2853 4900 Quo
2916 4802 3223 4901 quidem
3288 4804 3586 4883 factum
3643 4817 3793 4897 est,
3855 4821 3940 4879 ut

750 4909 914 5003 jam
983 4902 1454 5004 Pythagoras
1515 4934 1754 4984 unum
1825 4907 1919 4984 ad
1980 4905 2251 4983 triadis
2322 4927 2967 5003 numerorumque
3026 4907 3336 5010 omnino
3400 4902 3734 5003 speciem
3783 4907 3942 4981 sese
4015 4993 4022 5000 ,
