4919 5890
2557 577 2649 651 20

1266 783 1501 862 ‘Inter
1542 807 1808 863 omnes
1857 781 2090 863 nostri
2132 781 2500 883 temporis
2549 782 3027 885 philosophos
3090 770 3423 872 constat,
3487 779 4011 859 Eleaticorum
4078 778 4204 858 do·

992 884 1329 962 ‘cti-inam
1360 911 1540 980 ‚esse
1591 886 2150 982 idealisticam3
2202 884 2401 983 quod
2447 909 2725 963 verum
2777 885 3091 985 quidem
3117 898 3283 977 -est,
3328 881 3459 987 sed
3503 886 3751 983 qualis
3791 882 4207 976 idealismi,

995 987 1257 1079 forma*
1300 1002 1432 1065 aut
1481 988 1757 1092 gradus
1807 988 1933 1083 sit,
1983 1001 2118 1062 aut
2167 1012 2392 1063 nemo
2422 1043 2427 1047 -
2445 1013 2754 1087 prorsus
2805 985 3180 1080 disseruit,
3210 998 3343 1064 aut
3390 984 3613 1061 varie
3662 1010 3804 1062 nec
3850 1010 3998 1061 non
4036 990 4208 1083 per-

998 1111 1214 1185 verse
1264 1087 1669 1190 disputant.
1771 1087 2215 1185 Absurdum
2272 1088 2512 1165 etiam
2563 1114 2746 1167 sane
2795 1087 3104 1181 fuisset,
3163 1088 3231 1164 si
3275 1087 3653 1178 Eleatici,
3718 1099 3849 1162 aut
3895 1086 4210 1159 Parme-‘-

986 1188 1235 1281 -nides,
1263 1190 1587 1268 illustris
1611 1191 1740 1266 ille
1768 1190 2272 1290 philosophus,
2299 1203 2431 1268 aut
2453 1186 2677 1264 Zeno
2700 1189 3216 1281 retinuissent,
3259 1212 3408 1281 res,
3460 1211 3696 1286 quum
3718 1187 3871 1263 sint
3896 1189 4212 1281 multae,

997 1292 1204 1367 nullo
1255 1316 1600 1392 unquam
1653 1293 1881 1370 modo
1929 1290 2029 1367 iis
2082 1315 2240 1367 esse
2293 1290 2858 1386 exsistentiam3
2909 1291 3094 1388 quin
3141 1291 3548 1375 voluerunt
3602 1288 3873 1388 potius,
3907 1288 4009 1363 iis
4048 1312 4213 1363 esse

996 1393 1295 1489 nullam
1358 1418 1666 1496 prorsus
1732 1392 2243 1489 constantiam
2310 1404 2388 1467 et
2449 1392 2974 1485 substantiam„
3024 1390 3177 1467 nisi
3241 1414 3488 1467 unum
3556 1403 3633 1465 et
3684 1388 3969 1480 totum,
4043 1388 4211 1464 sive

995 1492 1277 1575 ideam.
1379 1498 1650 1589 Nostra
1702 1508 1995 1586 autem,
2064 1491 2371 1592 opinor,
2419 1490 3198 1592 explicatione'plane
3254 1491 3343 1567 in
3394 1490 3909 1591 promtu'esse
3962 1488 4209 1582 debet,

993 1621 1142 1687 non
1176 1596 1741 1693 *Eleaticorum,
1793 1593 1925 1673 sed
1974 1610 2061 1695 et·
2087 1593 2790 1695 Pythagoraeorum
2844 1607 2918 1670 et
2969 1593 3354 1689 Heracliti
3412 1594 3781 1670 naturalis
3844 1590 4212 1669 scientiae

995 1697 1334 1774 formam
1390 1702 1578 1774 vere
1646 1697 1982 1773 idealem
2046 1696 2225 1773 esse.
2381 1694 2666 1773 Omnia
2740 1696 2955 1772 enim
3021 1696 3375 1789 omnino,
3453 1722 3645 1797 quae
3708 1693 4210 1784 tradiderunt,

994 1798 1277 1896 placita
1334 1825 1630 1901 prorsus
1695 1811 2039 1898 spectant
2102 1795 2405 1888 ideam,
2468 1811 2543 1872 et
2615 1796 2961 1872 minime.
3009 1796 3391 1889 sensibus,
3467 1797 3597 1873 sed
3650 1796 3877 1873 unice
3926 1794 4210 1869 mentis

873 1926 882 1935 ·
993 1899 1461 2000 rationisque
1528 1899 1698 1977 acie
1761 1898 1974 1998 perci
2026 1899 2057 1993 i
2112 1910 2437 2001 possunt.
2543 1897 2860 1997 Optime
2913 1898 3158 1999 igitur
3206 1897 3473 1973 meriti
3521 1911 3697 1974 sunt
3747 1898 3839 1972 de
3888 1896 4209 1994 philoso-

992 1997 1177 2101 phia'
1228 2014 1303 2077 et
1353 2002 1649 2079 mirum
1701 2000 1787 2075 in
1823 2023 1966 2083 ‚mo
2018 2021 2158 2074 um
2207 2012 2754 2097 promoverunt
2807 2000 3456 2097 atque'erue'runt
3522 2000 3932 2077 scientiam
3981 2022 4029 2073 a
4078 2021 4210 2075 na·-

992 2115 1209 2180 turae
1257 2103 1534 2181 fallace
1586 2101 1803 2202 quasi
1866 2101 2072 2177 facie
2137 2112 2213 2174 et
2262 2098 2654 2175 visionum
2706 2100 3302 2199 opinionumque
3349 2100 3785 2199 refutarunt
3832 2099 4207 2196 deceptio·

994 2228 1130 2282 nes
1181 2206 1390 2282 nulla
1444 2206 1664 2304 plane
1722 2202 1874 2278 alia
1923 2202 2242 2292 ratione,
2285 2200 2438 2277 nisi
2491 2201 2907 2283 enucleatis
2957 2229 3001 2279 e
3052 2215 3328 2279 natura
3379 2203 3811 2281 notionibus
3862 2214 3940 2278 et
3988 2197 4205 2276 ideis.

994 2306 1221 2381 Mens
1281 2307 1532 2401 enim,
1596 2326 1828 2404 quam
1894 2301 2110 2378 ideae
2172 2301 2342 2374 vim
2403 2312 2482 2375 et
2527 2314 2997 2476 ‘potestatem
3046 2305 3699 2401 nuncupavimus,
3763 2301 4208 2403 priusquam

994 2405 1328 2483 idealem
1355 2431 1600 2487 ‚suam
1651 2419 2007 2483 naturam
2061 2397 2525 2501 comprehen
2578 2427 2706 2477 ere
2753 2402 3115 2501 potuerit,
3183 2428 3453 2479 earum
3497 2429 3801 2497 rerum,
3875 2425 4207 2502 quarum

996 2521 1272 2586 auctor
1325 2523 1460 2601 est,
1511 2507 1985 2587 definitiones
2035 2529 2129 2581 ac
2181 2503 2383 2579 vires
2435 2528 2532 2577 ex
2636 2502 2840 2578 irere
2890 2520 2968 2580 et
3016 2505 3475 2603 constituere
3524 2505 3880 2605 debebat,
3933 2503 4207 2601 quibus
4267 2554 4276 2559 -

901 2657 905 2660 >
992 2607 1222 2687 factis
1264 2604 1495 2710 porro
1548 2609 1644 2688 ad
1695 2608 2047 2686 altiorem
2098 2618 2174 2710 et
2222 2605 2344 2680 sui
2396 2602 2529 2702 qui
2580 2627 2709 2707 em
2759 2603 2996 2705 ipsius
3045 2606 3684 2709 cognitionem,·i.
3713 2605 4204 2687 acomoien-

982 2709 1190 2803 ¹tiam
1240 2714 1621 2810 processit.
1725 2712 1923 2785 Nam
1974 2720 2371 2806 postquam
2424 2704 2864 2782 Heraclitus
2913 2709 3080 2805 jam
3123 2721 3483 2784 naturam
3533 2735 3716 2786 vere
3766 2708 4039 2785 vivam
4087 2732 4202 2784 se-

866 2899 871 2903 ,
980 2837 1139 2911 ‚que
1188 2816 1545 2904 continuo
1599 2825 2036 2888 moventem
2087 2809 2549 2900 ostenderat,
2611 2821 2835 2905 atque
2882 2834 3062 2885 eam
3111 2809 3653 2904 substantiam,
3723 2820 3870 2910 qua
3934 2808 4204 2885 omnia

988 2914 1359 2993 exsistant
1410 2931 1485 2993 et
1540 2915 1631 2993 ab
1681 2939 1774 2991 ea
1824 2913 2388 3005 contineantur,
2464 2932 2844 3007 quamque
2892 2913 3048 3012 πῦρ
3075 2913 3536 3009 appellabat,
3592 2927 3668 2988 et
3730 2909 4083 2988 animam
4124 2922 4204 2987 et

996 3033 1379 3111 mentem,
1442 3043 1538 3093 ex
1596 3042 1747 3114 qua
1798 3015 2127 3090 notionis
2175 3011 2623 3086 necessitate
2668 3008 2999 3108 quadam
3047 3013 3466 3106 (εἱμαρμένῃ
3506 3013 3759 3108 λόγου)
3807 3013 4203 3110 pariantur

922 3163 957 3204 r
996 3142 1236 3218 quum
1281 3120 1362 3194 in
1417 3131 1709 3211 natura,
1758 3128 1931 3191 tum
1980 3116 2065 3191 in
2115 3112 2375 3190 animo
2426 3110 3106 3204 demonstraverat,
3156 3111 3361 3188 haud
3410 3115 3739 3189 multum
3794 3109 4204 3192 abfuerunt

993 3219 1148 3297 viri
1199 3219 1356 3313 illi,
1411 3220 1594 3321 quin
1646 3241 1919 3319 puram
1963 3240 2254 3317 quoque
2307 3212 2588 3289 mentis
2640 3227 2999 3292 naturam
3050 3238 3144 3291 ac
3185 3212 3558 3289 virtutem
3611 3214 4205 3313 comprehende·
4261 3225 4266 3229 ’

998 3335 1170 3399 rent
1219 3338 1441 3421 atque
1483 3315 2035 3421 distinguerent
2076 3329 2130 3393 a
2179 3311 2448 3392 rerum
2499 3313 2691 3390 ideis
2742 3328 2818 3389 et
2868 3314 3293 3392 elementis.
3340 3353 3447 3376 -ι-
4045 3390 4052 3397 ,

1172 3470 1176 3474 ,
1295 3425 1854 3522 Anaxagorae,
1923 3417 2312 3504 ‚studiosus
2378 3418 2512 3493 ille
2574 3415 2916 3492 siderum
2990 3419 3583 3517 contemplator,
3629 3414 4063 3518 praecipue
4133 3415 4206 3493 is

996 3523 1185 3618 fuit,
1252 3531 1383 3625 qui
1436 3523 1733 3626 primus
1783 3521 2265 3623 philosophus
2303 3520 2531 3596 -hanc
2584 3520 2864 3615 mentis
2887 3525 2892 3530 ’
2914 3535 2991 3606 et
3037 3521 3415 3598 materiae
3462 3519 4031 3606 distinctionem
4078 3515 4204 3593 de-

999 3629 1457 3704 monstravit
1505 3627 2018 3726 probavitque.
2122 3624 2222 3697 Et
2287 3646 2467 3697 cum
2526 3635 2934 3720 utramque
2992 3648 3131 3720 per
3181 3647 3265 3698 se
3314 3633 3783 3699 constan-eet
3830 3621 4000 3696 sine
4045 3621 4212 3696 ulla-

997 3753 1340 3826 unquam
1392 3727 1944 3806 commixtione
1995 3724 2381 3822 cooperari
2446 3723 2920 3820 opinaretur,
2987 3723 3131 3798 duo
3195 3733 3524 3800 naturae„
3565 3719 3954 3822 vprincipia
4021 3740 4212 3814 esse,-

999 3854 1286 3922 unum,
1351 3828 1548 3928 quod
1620 3842 1925 3904 moveat
1990 3839 2067 3899 et
2135 3824 2416 3900 efficiat
2426 3839 2482 3916 ,‘
2530 3826 2899 3914 alterum,
2965 3822 3162 3922 quod
3218 3836 3619 3910 moveatur
3683 3836 3761 3900 et
3806 3823 4212 3917 efficiatur,¹

999 3931 1413 4026 constituit,
1468 3943 1688 4028 atque
1738 3930 1848 4007 ita
1898 3927 2391 4017 dualismum,
2444 3926 2538 4001 ab
2591 3926 2985 4002 Heraclito
3033 3925 3793 4026 prorsustsublatu'm,
3835 3926 4207 4022 cujusque

1000 4046 1248 4131 partes
1297 4032 1791 4132 idealismum
1846 4044 1922 4105 et
1971 4029 2427 4105 realismum
2478 4042 2777 4118 vocant,
2826 4027 3244 4105 introducit
3291 4027 3375 4104 in
3417 4025 3981 4131 philosophicae
4030 4024 4212 4110 dom,
4257 4119 4264 4128 ἱ

951 4192 958 4199 .
998 4133 1247 4210 trinae
1296 4133 1698 4210 ambitum.
1806 4132 2147 4208 Primam
2193 4130 2457 4206 omnia
2506 4133 2943 4203 moventem
2993 4154 3335 4225 causam,
3386 4145 3620 4230 quam
3667 4131 3830 4201 νοῦν
3880 4129 4207 4227 appella.

998 4232 1163 4326 bat,
1216 4235 1774 4337 intelligentem
1822 4232 2012 4308 fecit
2063 4245 2139 4307 et
2187 4255 2450 4307 omnes
2499 4253 2622 4305 res
2667 4243 3022 4329 agentem
3072 4246 3149 4309 et
3201 4232 3298 4309 ad
3356 4253 3598 4307 unum
3648 4228 4206 4328 quendamra·

1000 4335 1367 4432 tionalem
1433 4337 1671 4412 finem
1738 4336 2343 4411 constituentem.
2392 4345 2397 4348 “
2444 4333 3042 4425 Verumtamen,
3108 4334 3477 4433 quomodo
3529 4356 3655 4423 ea,
3687 4329 4202 4410 ,hacvirtute

1000 4438 1370 4538 praedita,
1446 4435 2165 4538 comprehendenda*
2201 4435 2339 4526 sit,
2407 4446 2483 4508 et
2529 4432 2659 4529 qui
2709 4431 2878 4510 fieri
2936 4436 3202 4534 possit,
3265 4448 3351 4512 ut
3400 4433 3732 4514 materia
3777 4458 3912 4533 per
3953 4456 4037 4509 se
4085 4433 4204 4553 ip·

1001 4561 1170 4615 sam
1233 4545 1597 4618 constans
1642 4541 1827 4616 cum'
1891 4551 2145 4614 mente
2209 4534 2832 4632 conjunctionem*
2889 4535 3137 4632 ineat,
3213 4540 3427 4617 nulla
3488 4537 3783 4616 ratione
3830 4532 4200 4634 probavit.

1000 4638 1247 4740 Quam
1297 4642 1391 4716 ob
1443 4668 1612 4718 rem
1660 4645 1822 4740 jam
1888 4640 2101 4738 Plato
2146 4652 2221 4712 et
2271 4637 2720 4714 Aristoteles
2768 4661 2948 4713 eum
2995 4638 3370 4745 urgebant
3412 4653 3491 4717 et
3537 4633 4099 4736 vituperabant.

986 4823 995 4830 ,
1116 4819 1120 4823 .
1298 4744 1570 4818 Totam
1628 4757 1886 4818 autem
1943 4742 2103 4838 ejus
2182 4738 2612 4817 doctrinam
2671 4739 3101 4837 judicemus
3166 4737 3658 4832 vehementer
3733 4735 4076 4815 laborare
4149 4761 4218 4813 e·

1001 4842 1284 4919 mentis
1351 4842 1804 4944 stabilitate,
1853 4849 2117 4940 quae
2159 4840 2322 4938 ipsa
2375 4865 2524 4917 non
2583 4838 2803 4917 modo
2859 4840 3089 4940 hujus
3138 4842 3500 4928 dualismi
3556 4863 3789 4919 causa
3849 4852 3999 4931 est,
4060 4838 4192 4917 sed

995 4944 1332 5022 effecisse
1384 4970 1676 5043 quoque
1731 4944 2057 5037 videtur,
2082 4977 2085 4980 ·
2114 4955 2199 5019 ut
2247 4942 2452 5018 hunc
2502 4943 3008 5035 dualismum,
3073 4946 3291 5043 cujus
3347 4946 3588 5023 fixam
3638 4945 4012 5019 formam
4059 4966 4189 5018 au-

859 5135 867 5152 ·
992 5058 1161 5122 otor
1207 5048 1370 5134 eius
1419 5045 1647 5134 haud,
1692 5059 1778 5122 ut
1828 5044 2162 5136 debebat,
2197 5044 2567 5134 dissolvit,
2614 5071 2749 5144 per
2797 5057 3041 5121 totam
3097 5046 3384 5125 veteris
3436 5044 3820 5126 Graeciae
3868 5037 4192 5140 pbiloso-
