4919 5890
2298 528 2462 596 45²

729 841 907 917 bilis
959 851 1033 914 et
1088 845 1555 911 monstratur
1604 832 1753 907 Dei
1806 836 2243 910 exsistentia
2288 849 2361 909 et
2412 834 2862 932 praesentia.

1032 938 1248 1010 Haec
1317 948 1393 1008 et
1458 934 1611 1008 alia
1678 938 1941 1010 multa-
1984 963 2163 1013 sane
2231 940 2485 1033 jacent
2551 935 2766 1031 quasi
2819 933 3132 1030 disjecta
3184 934 3412 1007 totius
3464 932 3814 1010 membra
3858 930 3943 1009 in

725 1039 999 1118 Kantii
1062 1033 1573 1135 philosophia,
1640 1036 1769 1109 sed
1827 1053 2005 1111 sunt
2069 1035 2541 1112 dissolvenda
2623 1050 2698 1109 et
2777 1033 3244 1109 enucleanda
3321 1060 3419 1107 ex
3502 1032 3946 1131 subjectivis

728 1142 1012 1218 mentis
1075 1135 1703 1233 disputationibus
1772 1149 1848 1210 et
1923 1135 2712 1213 demonstrationibus.
2831 1136 3082 1229 Quum
3148 1148 3406 1210 autem
3471 1134 3632 1232 ipse
3681 1150 3946 1211 auctor

729 1243 923 1318 haec
989 1232 1460 1338 problemata
1535 1236 1835 1310 homini
1899 1240 2101 1315 haud
2154 1239 2509 1314 solvenda
2572 1252 2647 1310 et
2719 1236 3166 1334 explicanda
3242 1258 3403 1309 esse
3477 1236 3942 1333 opinaretur,

727 1338 971 1438 neque
1021 1335 1670 1436 transgrediendos
1724 1341 2203 1435 conclusione
2258 1366 2378 1415 eos
2431 1339 2655 1427 fines,
2710 1363 2890 1435 quos
2943 1362 3158 1411 mera
3211 1360 3427 1410 mens
3478 1339 3947 1435 proposuerit

686 1438 1156 1518 ‘notionibus
1207 1437 1418 1533 puris
1470 1434 1950 1532 definiendis,
2018 1446 2250 1539 (quos
2299 1456 2558 1515 tamen
2628 1440 2785 1535 ipse
2852 1439 3147 1535 primus
3209 1452 3721 1537 transgressus
3774 1442 3943 1534 est),

724 1543 1024 1620 factum
1076 1536 1450 1627 videmus,
1498 1551 1583 1610 ut
1627 1564 1849 1614 suam
1901 1542 2136 1639 ipsius
2189 1539 2743 1639 philosophiam
2793 1537 3529 1612 transcendentalem
3595 1564 3730 1615 seu
3797 1539 3942 1612 cri-

726 1644 972 1718 ticum
1022 1637 1517 1710 idealismum
1573 1640 2026 1718 nominaret.
2129 1646 2229 1716 Et.
2271 1655 2508 1740 potest
2559 1666 2737 1715 sane
2791 1639 3232 1714 idealismus
3286 1641 3673 1737 appellari,
3725 1665 3943 1738 prop-

728 1738 1132 1838 tereaquod
1187 1737 1359 1813 idea
1408 1764 1543 1813 sua
1598 1743 1706 1833 vi,
1758 1741 1809 1817 i.
1864 1769 1928 1819 e.
1981 1758 2261 1834 mente,
2318 1742 2740 1840 cogitandis
2796 1740 3384 1835 definiendisque
3439 1742 3664 1817 rebus
3729 1741 3943 1817 viam

731 1869 825 1922 ex
889 1844 1268 1918 abstracta
1333 1837 1429 1914 ad
1490 1865 1758 1917 veram
1824 1843 2059 1941 ipsius
2125 1860 2198 1919 et
2264 1844 2690 1919 absolutam
2741 1843 3099 1916 *formam
3163 1846 3423 1938 planat
3479 1843 3942 1938 .munitque;

731 1944 914 2046 quin
979 1942 1217 2016 etiam
1284 1940 1550 2015 Kantii
1608 1945 2056 2025 ,idealismus
2123 1948 2347 2041 hujus
2415 1944 2795 2018 absolutae
2862 1960 3180 2018 naturae
3247 1942 3544 2015 semina
3609 1945 3946 2018 continet

730 2064 806 2125 et
855 2068 1034 2120 sane
1103 2039 1305 2115 haud
1368 2065 1594 2138 parce
1663 2047 1972 2143 spargit.
2096 2043 2466 2121 Ceterum
2536 2045 2775 2117 etiam
2846 2041 3263 2118 notandum
3314 2042 3652 2133 videtur,
3706 2067 3943 2139 quum

731 2160 996 2227 auctor
1045 2139 1343 2217 criticis
1392 2141 1548 2245 suis
1600 2146 1949 2241 operibus
2000 2144 2225 2235 fines>
2273 2168 2454 2239 quos
2498 2144 2658 2240 ipse
2691 2144 2960 2242 posuit,
3013 2157 3525 2241 transgressus
3564 2143 3689 2234 sit,
3740 2142 3943 2217 idea·

730 2253 1048 2325 lismum
1103 2244 1290 2337 ejus,
1342 2241 1606 2314 eodem
1652 2246 1810 2342 ipso
1864 2269 2049 2342 pure
2102 2259 2177 2317 et
2230 2243 2604 2319 abstracte
2668 2243 3024 2318 rationali
3088 2244 3343 2319 forma
3406 2243 3693 2334 fracta,
3755 2242 3946 2317 Jani

731 2354 998 2436 instar,
1051 2366 1201 2416 una
1250 2342 1451 2441 facie
1504 2346 1901 2442 respicere,
1955 2344 2138 2419 dum
2192 2344 2556 2442 prospicit
2607 2346 2866 2419 altera.

992 2442 1357 2541 ⁷Socratis
1410 2443 1797 2520 doctrinae
1847 2446 2052 2521 haud
2103 2446 2459 2522 dissimili
2530 2444 2751 2519 modo
2816 2443 3052 2521 etiam
3121 2470 3209 2521 ea
3279 2446 3518 2523 nostri
3579 2442 3942 2542 sapientis

730 2548 983 2629 effecit
1049 2548 1250 2621 inter
1315 2547 1477 2644 ejus
1544 2545 1948 2645 discipulos
2004 2562 2554 2643 sectatoresque
2623 2550 3018 2623 nonnullas
3084 2562 3372 2646 partes,
3440 2568 3710 2642 easque
3778 2570 3940 2621 ma-

728 2656 942 2726 xime
1022 2662 1220 2739 tres,
1304 2669 1629 2739 quarum
1715 2650 2023 2741 quidem
2105 2671 2256 2718 una
2336 2661 2421 2719 ut
2507 2660 2767 2719 auctor
2856 2649 3081 2743 hujus
3173 2645 3746 2745 philosophandi
3821 2672 3942 2720 ra-

731 2751 987 2838 tionis,
1039 2744 1523 2843 potissimum
1574 2747 1793 2819 illam
1844 2746 2357 2842 philosophiae
2410 2750 2706 2840 partem
2758 2746 2907 2820 sibi
2958 2747 3421 2839 vindicavit,
3487 2771 3716 2842 quam
3773 2771 3939 2845 pra·

734 2852 1022 2929 cticam
1093 2848 1320 2943 vulgo
1380 2844 1813 2936 nominant,
1881 2860 1954 2919 et
2023 2849 2181 2940 ejus
2250 2848 2656 2941 praecipue
2725 2844 3090 2937 ethicam,
3161 2846 3572 2919 theoretica
3626 2858 3759 2920 aut
3809 2849 3940 2919 vix

733 2953 978 3030 obiter
1039 2958 1404 3037 tractata,
1478 2957 1607 3019 aut
1673 2961 1756 3019 ut
1821 2947 2154 3021 absoluta
2194 2949 2441 3044 ‘plane
2514 2948 2856 3042 neglecta
2910 2961 2980 3020 et
3035 2961 3329 3043 negata.
3432 2945 3640 3021 Huic
3693 2947 3939 3021 coetui

732 3049 1150 3155 angustiori
1201 3071 1422 3122 sensu
1476 3047 1593 3120 illi
1641 3047 2191 3123 adnumerandi
2242 3061 2437 3136 sunt,
2480 3046 2624 3141 qui
2667 3045 3041 3119 Kantiani
3094 3048 3486 3139 dicuntur,
3553 3063 3629 3121 et
3695 3050 3940 3146 magi-

727 3160 870 3235 stri
933 3150 1362 3244 doctrinam
1424 3163 1557 3223 aut
1623 3150 1986 3239 retinent,
2056 3162 2184 3224 aut
2252 3173 2480 3248 aegre
2546 3162 3060 3239 commutant,
3129 3163 3202 3223 et
3251 3150 3739 3224 celeberrimi
3787 3149 3942 3224 viri

728 3255 996 3335 Jacobi
1046 3249 1502 3347 sapientiam
1553 3273 1735 3324 cum
1802 3250 2066 3342 Kantii
2133 3248 2604 3346 philosophia
2666 3252 3126 3349 conjungere
3185 3251 3523 3342 student,
3591 3275 3730 3327 nec
3794 3277 3943 3326 non

732 3355 1070 3450 theologi
1115 3349 1319 3425 haud
1370 3350 1595 3448 pauci
1650 3363 1725 3422 et
1769 3350 1828 3423 ii
1884 3351 2402 3446 potissimum,
2454 3349 2583 3440 qui
2633 3345 3180 3420 Rationalismi
3240 3365 3643 3426 sectatores
3694 3354 3941 3449 appel.

733 3464 1009 3535 lantur.
1112 3449 1501 3526 ldealismi
1565 3450 1942 3538 formam,
2008 3462 2092 3523 ut
2156 3449 2373 3547 plane
2442 3445 2742 3537 dicam,
2809 3449 3011 3519 nullo
3061 3447 3281 3520 modo
3334 3474 3598 3525 omnes
3651 3465 3724 3524 et
3775 3478 3942 3548 pro-

735 3581 1047 3637 movere
1103 3568 1176 3628 et
1246 3551 1750 3648 explicatione
1815 3561 2295 3624 commutare
2359 3546 2812 3623 obtinemus.
2942 3548 3026 3620 In
3097 3547 3345 3620 altera
3415 3563 3670 3623 autem
3729 3567 3942 3648 parte

729 765 860 818 rae
917 751 987 813 et
1040 732 1353 833 spiritus
1405 729 1715 807 libertas
1763 755 1855 808 ac
1904 732 2109 810 vitae
2159 732 2333 809 finis
2375 731 2630 826 datur3
2684 730 2816 806 hio
2883 729 3127 805 oritur
3191 726 3518 806 mundus
3578 728 3941 832 intelligi-

733 3659 1172 3748 invenimus
1236 3654 1576 3726 maxime
1643 3651 2103 3734 celebratum
2172 3649 2432 3723 virum
2513 3644 2605 3721 ac
2680 3670 2858 3720 vere
2930 3648 3456 3745 philosophum
3521 3648 3940 3743 Fichtium,
4054 3693 4066 3705 ·

733 3764 864 3861 qui
915 3758 1224 3835 omnino
1279 3755 1495 3828 illam
1549 3752 1839 3843 Kantii,
1892 3753 2011 3828 sui
2059 3750 2449 3851 magistri,
2502 3747 3015 3847 philosophiae
3081 3763 3379 3848 partem
3438 3749 3587 3825 sibi
3641 3753 3941 3844 sumsit,

737 3889 928 3962 quae
979 3857 1315 3951 logicam
1351 3854 1684 3930 continet
1737 3868 1812 3928 et
1843 3854 2352 3926 dialecticam.
2462 3844 2803 3921 Tertiam
2832 3849 3566 3950 denique'arreptam
3597 3853 3943 3931 videmus

740 3995 784 4043 a
835 3958 1342 4049 SchellingiO,
1412 3979 1801 4032 summam
1870 3953 2172 4028 laudem
2238 3964 2536 4026 tenente
2601 3951 2803 4038 inter
2875 3976 3139 4027 omnes
3199 3977 3378 4027 vere
3442 3954 3939 4054 philosophos,

738 4068 865 4169 qui
936 4060 1374 4161 praecipue,
1436 4070 1509 4130 et
1575 4056 1822 4130 adhuc
1889 4056 2050 4130 fere
2121 4054 2342 4128 unice
2402 4048 2918 4146 philosophiae
2978 4066 3303 4127 naturae
3366 4077 3500 4143 sua
3551 4057 3801 4133 studia
3851 4083 3940 4134 ac

736 4171 941 4243 vires
993 4182 1467 4239 consecrasse
1515 4159 1834 4234 videtur.
1887 4195 1989 4211 --
2091 4157 2206 4229 De
2256 4154 2541 4227 duobus
2592 4153 2908 4248 posteris
2962 4178 3163 4230 nunc
3217 4153 3431 4230 nobis
3472 4173 3584 4232 est
3631 4184 3942 4234 accura.

746 4271 917 4345 tius'
941 4259 1488 4341 disserendum.
2509 4257 2514 4264 ·
2741 4285 2746 4294 -

1038 4367 1372 4438 Joannes
1424 4356 2082 4433 GottliebFichte
2148 4358 2231 4430 in
2285 4354 2624 4429 doctrina
2678 4378 2812 4429 sua
2862 4380 2957 4430 ex
3004 4354 3314 4446 eodem,
3380 4381 3523 4451 quo
3595 4355 3941 4447 Kantius,
4065 4371 4068 4376 ’
4139 4367 4144 4380 “

730 4451 1125 4572 profectus
1177 4477 1311 4553 est,
1362 4464 1544 4537 loco.
1649 4457 2291 4534 Praesumendum
2360 4457 2489 4531 hio
2556 4480 2843 4553 quoque
2907 4469 3020 4532 est
3078 4458 3302 4531 illud·
3336 4454 3943 4553 incognitum-et

741 4570 1216 4650 indefinitum
1270 4588 1536 4652 unum,
1578 4563 1798 4656 cujus
1849 4585 2016 4659 pars
2067 4560 2388 4632 relativa
2441 4556 2669 4630 homo
2725 4572 2837 4631 est
2883 4559 3078 4655 ipse,
3140 4571 3214 4632 et
3265 4575 3408 4652 quo
3459 4555 3629 4629 fieri
3681 4569 3941 4653 potest,

740 4691 823 4751 ut
890 4671 1075 4745 illud
1142 4691 1411 4766 purum
1484 4676 1557 4737 et
1618 4662 2039 4736 ahsolutum
2105 4657 2573 4754 Egossch)
2639 4659 2800 4734 sive
2861 4657 3289 4750 subjectum
3359 4682 3506 4740 nec
3553 4681 3700 4732 non
3743 4680 3941 4755 pura

743 4771 1086 4861 scientia,
1141 4771 1469 4869 impulsu
1523 4779 1828 4839 externo
1876 4761 2271 4838 afficiatur.
2375 4761 2541 4832 Hoc
2592 4782 2871 4856 purum
2923 4760 3084 4858 Ego
3136 4760 3388 4856 ipsum
3428 4760 3770 4852 Fichtius
3821 4781 3943 4853 po-

746 4878 860 4950 nit
911 4873 1403 4971 principium,
1457 4868 1846 4943 continens
1898 4887 2206 4938 omnem
2255 4874 2330 4934 et
2378 4860 2857 4933 islealitatem
2913 4861 2962 4932 i.
3017 4887 3080 4934 e.
3145 4861 3565 4936 absolutam
3613 4872 3702 4932 et
3767 4855 3941 4930 defi-

748 4978 990 5051 nitam
1061 4975 1369 5071 spiritus
1440 4969 1711 5065 agendi
1780 4968 1990 5056 vim,
2061 4980 2133 5038 et
2198 4961 2639 5035 realitatem
2706 4962 2756 5034 i.
2825 4988 2887 5034 e.
2956 4961 3290 5062 cogitata
3360 4964 3480 5037 vel
3558 4956 3941 5058 cogitandi

748 5092 936 5158 acta.
1043 5081 1217 5155 ,lam
1275 5074 1596 5150 Kantius
1644 5071 1777 5145 illa
1831 5067 2107 5146 mentis
2160 5065 2620 5143 universalia
2673 5064 3218 5161 comprehensa
3286 5064 3530 5140 realia
3594 5062 3755 5136 sive
3818 5058 3937 5131 ob·
4031 5111 4044 5124 ,
