4919 5890
2568 565 2608 626 6
3081 596 3118 613 Ι

905 812 917 827 .
990 782 1225 860 sticae
1283 776 1790 879 appellantur,
1845 779 1973 842 aut
2029 761 2458 862 angustiore
2515 777 2641 839 aut
2697 765 3062 862 ampliore
3116 786 3330 838 sensu
3397 766 3511 838 sic
3565 765 3995 857 nominari;
4076 792 4197 842 ne·-

992 909 1133 984 que
1186 880 1654 959 realisticam
1718 866 2310 970 philosophiam,
2390 888 2624 959 quam
2689 865 3166 936 Realismum
3236 880 3543 952 vocant,
3617 866 3838 962 plane
3923 865 4201 943 discer-

990 981 1318 1063 nendam
1385 1002 1542 1053 esse
1609 974 1700 1050 ab
1773 963 2164 1046 idealismo
2234 965 2414 1039 satis
2487 978 2796 1055 constat.
2901 965 3398 1039 Discriminis
3452 980 3710 1040 autem
3764 966 3987 1061 hujus
4042 993 4200 1041 mo·
4302 1056 4306 1061 ,
4385 982 4402 1003 ¹

990 1102 1338 1161 mentum
1392 1078 1618 1154 habet
1666 1068 1974 1167 quidem
2039 1063 2420 1159 quandam
2494 1066 2774 1139 mentis
2842 1066 3406 1165 necessitatem,
3489 1066 3620 1142 sed
3683 1065 3913 1147 ideali
3974 1071 4200 1143 ratio·

989 1190 1109 1263 nis
1156 1186 1455 1261 actione
1509 1169 1851 1247 aufertur
1906 1192 1994 1241 ac
2047 1165 2356 1238 deletur.
2533 1234 2536 1239 ,
2894 1186 2897 1191 ·

1285 1275 1544 1350 Totius
1598 1271 1807 1343 enim
1863 1266 1976 1340 rei
2030 1265 2222 1337 ratio
2284 1265 2472 1337 haec
2528 1276 2676 1353 est,
2726 1276 2807 1336 ut
2863 1263 3126 1337 eodem
3194 1265 3451 1356 modo,
3518 1292 3659 1363 quo
3729 1266 3970 1341 ideale
4040 1267 4203 1342 sine

990 1385 1181 1460 reali
1233 1388 1307 1452 et'
1357 1387 1615 1449 contra
1675 1370 1875 1457 reale
1927 1366 2089 1440 sine
2143 1364 2408 1451 ideali,
2463 1364 2536 1457 si,
2581 1388 2822 1436 unum
2878 1364 2969 1438 ab
3024 1367 3258 1438 altero
3314 1366 3811 1457 abstraxeriS,
3859 1384 4202 1442 constare

991 1509 1137 1558 non
1194 1474 1473 1576 possit,
1511 1471 1638 1546 sed
1692 1467 1934 1565 potius
1988 1467 2147 1563 ipsa
2202 1458 2706 1538 abstractione
2760 1458 3250 1556 absumatur,
3326 1469 3752 1543 constantia
3818 1466 4202 1542 idealisffii

992 1609 1082 1659 ae
1136 1573 1479 1654 realismi
1523 1565 1845 1644 relativa
1897 1568 2034 1657 siv,
2076 1563 2279 1662 quod
2332 1570 2581 1661 postea
2636 1564 2863 1639 facile
2916 1572 3393 1665 perspectum
3457 1569 3620 1643 fore
3665 1568 4019 1642 omnibus
4074 1594 4202 1642 au-

918 1765 924 1776 *
990 1701 1222 1757 tumo.
1332 1672 1852 1769 Philosophiae
1908 1668 2146 1767 igitur
2212 1663 2677 1740 idealisticae
2745 1669 3189 1764 plerumque
3256 1671 3497 1743 solent
3549 1669 3936 1743 nominari
4001 1670 4202 1751 illae,

988 1807 1180 1881 quae
1226 1789 1561 1851 mentem
1618 1773 1877 1844 volunt
1932 1782 2059 1842 aut
2112 1765 2537 1863 principem
2592 1781 2718 1839 aut
2773 1792 3013 1840 unum
3068 1794 3331 1841 rerum
3395 1769 3734 1866 judicem
3789 1769 4008 1864 eique
4061 1771 4197 1843 soli

990 1898 1063 1958 et
1114 1882 1273 1977 ejus
1325 1873 1609 1948 effectis
1663 1873 1743 1945 in
1795 1868 2006 1941 rebes
2034 1864 2574 1966 cognoscendis
2624 1892 2783 1949 esse
2835 1869 3327 1958 credendum,
3371 1871 3792 1970 postpositis
3833 1870 3967 1958 iis,
4010 1895 4201 1965 quae

990 1997 1199 2069 sunt,
1264 1990 1395 2050 aut
1464 1974 1680 2068 plane
1745 1968 2109 2071 neglectis
2176 1982 2248 2040 et
2317 1968 2678 2064 negatis,¹
2709 1993 3032 2064 quorum
3106 1972 3548 2067 plerumque
3615 1972 4091 2046 contrarium
4159 1996 4201 2045 a

988 2081 1342 2156 realismo
1413 2069 1742 2147 obtineri
1819 2071 2119 2160 vol-unt,
2186 2091 2369 2141 nam
2438 2067 2566 2142 hie
2636 2074 2894 2142 rerum
2962 2073 3289 2145 materia
3358 2085 3432 2145 et
3493 2072 3954 2165 constantia,
4034 2073 4204 2146 illic

988 2204 1202 2257 mens
1257 2178 1563 2272 ejusque
1613 2171 2027 2246 substantia
2085 2168 2321 2264 posita
2377 2176 2525 2261 est,
2580 2166 2671 2242 (le
2724 2192 2865 2265 quo
2922 2171 3238 2269 aliisque
3273 2171 3587 2247 omnino
3640 2172 4224 2250 definitionibus*
4293 2194 4296 2197 l

988 2282 1065 2355 id
1120 2276 1338 2353 modo
1392 2270 1740 2369 judicare
1787 2270 2133 2342 velimus.
2206 2356 2209 2365 .
2665 2343 2700 2354 ν
2763 2286 2776 2290 >·
3173 2360 3180 2365 „
3524 2355 3534 2361 ²
3859 2280 3862 2283 .

1162 2448 1165 2451 .
1284 2373 1492 2469 Quae
1543 2372 1694 2445 sint
1745 2366 2261 2467 philosophiae
2314 2365 2515 2466 inter
2566 2386 2724 2438 sese
2777 2364 3168 2456 diversae,
3236 2370 3356 2441 his
3422 2372 3730 2465 quidem
3785 2373 4066 2446 duobus
4118 2373 4200 2445 fi-

989 2480 1209 2555 nibus
1263 2471 1637 2551 contineri
1692 2474 1811 2545 vel
1857 2474 2077 2545 suam'
2130 2465 2343 2562 quasi
2397 2475 2777 2561 quamque
2838 2465 3259 2541 necessario
3313 2466 3638 2543 obtineri
3693 2474 4208 2568 provinciam5.

989 2596 1393 2673 utramque
1443 2598 1620 2647 vero
1673 2595 1908 2647 unam
1962 2584 2043 2644 et*
2084 2591 2349 2641 veram
2405 2566 2615 2654 dico,
2669 2565 3222 2664 philosophiam
3284 2571 3739 2645 constituere
3807 2588 3880 2654 et
3948 2597 4199 2647 neces·
4311 2569 4322 2575 ’

989 2680 1192 2771 saria
1244 2680 1403 2774 ejus
1457 2699 1613 2748 esse
1689 2674 1902 2769 quasi
1965 2669 2335 2744 membra.
2444 2669 2703 2763 Itaque
2766 2667 2846 2739 in
2885 2693 3170 2754 ⁴errore
3235 2693 3413 2746 sane
3491 2674 3836 2747 maximo
3908 2675 4200 2759 versari

985 2782 1377 2869 videntur,
1425 2773 1558 2872 qui
1607 2771 1869 2849 omnes
1923 2774 2125 2847 inter
2186 2794 2265 2844 se
2332 2768 2668 2842 diversas
2738 2768 3242 2864 philosophias
3310 2773 3751 2849 existiment
3811 2796 4007 2865 esse,
4074 2802 4199 2848 ne-

987 2883 1181 2970 scio,
1235 2901 1425 2977 quae
1468 2890 1569 2950 'et
1635 2880 1958 2972 quanta,
2035 2870 2550 2969 philosophiae
2625 2893 2944 2967 genera,
3009 2885 3229 2968 atque
3297 2875 3377 2948 in
3454 2874 3642 2950 haec
3706 2899 3878 2964 eam
3945 2877 4198 2954 distri.

971 2979 1254 3072 buant‘,
1306 2979 1519 3075 quasi
1572 2979 1669 3050 sit
1717 2977 1919 3051 inter
1982 2973 2115 3052 illa
2168 2974 2465 3046 nullum
2531 2972 2751 3065 plane
2817 2972 3277 3063 confinium,
3359 2974 3875 3072 philosophiae
3942 2993 4195 3052 autem

984 3084 1302 3159 historia
1355 3082 1514 3151 sola
1567 3076 1749 3149 satis
1802 3096 2068 3147 eorum
2135 3071 2573 3168 opinionem
2641 3067 3046 3158 refutaret,
3130 3071 3194 3144 si
3264 3076 3738 3174 perciperent
3806 3077 3965 3170 ejus
4033 3080 4195 3150 vim

988 3209 1076 3259 ac
1129 3201 1436 3254 nexum.
1539 3176 1675 3249 Est
1726 3176 1933 3250 enim
1992 3172 2155 3268 ipsa
2204 3195 2349 3244 non
2405 3163 2853 3260 hominum,
2916 3171 3044 3244 sed
3099 3171 3433 3247 hominis
3488 3175 3996 3274 philosophia,
4054 3204 4197 3252 non

983 3280 1625 3383 philosophorum,
1677 3276 1805 3350 sed
1861 3272 2301 3371 philosophi.
2364 3272 2918 3346 ‘Praestantior
2967 3272 3230 3371 igitur,
3285 3278 3403 3348 vel
3454 3278 3682 3350 unice
3723 3304 3906 3353 vera
3936 3279 4197 3354 eoru‘m

983 3397 1094 3459 est
1145 3377 1551 3468 sententia,
1606 3375 1735 3472 qui
1787 3388 2074 3464 rentur,
2128 3374 2332 3447 inter
2381 3395 2647 3447 omnes
2699 3373 3229 3470 philosophiae,
3282 3400 3466 3471 quas
3518 3395 3913 3453 enumerat
3967 3381 4195 3456 histo-

970 3485 1140 3572 ria,
1220 3505 1375 3556 esse
1443 3474 2016 3552 necessitudinis
2084 3475 2527 3562 vinculum,
2622 3487 2694 3546 et
2778 3476 3267 3569 quantumvis
3334 3478 3534 3552 inter
3596 3502 3754 3554 sese
3820 3480 4197 3570 differant,

984 3590 1245 3660 omnes
1298 3605 1442 3656 non
1498 3579 1798 3653 diversa
1852 3583 2172 3672 genera,
2228 3574 2355 3649 sed
2409 3573 2724 3672 gradus,
2778 3574 3021 3670 quoad
3073 3579 3585 3675 cujuscunque
3637 3584 4023 3680 temporis,
4079 3610 4197 3656 ae-

886 3689 887 3692 ’
982 3686 1159 3760 tatis
1225 3681 1707 3774 hominisque
1760 3677 2276 3773 philosophica
2330 3698 2591 3748 rerum
2662 3673 3103 3748 divinarum
3158 3678 3824 3777 humanarumque
3874 3685 4196 3757 scientia

984 3812 1143 3861 sese
1204 3796 1275 3854 et
1340 3779 1694 3852 extulerit
1759 3789 1832 3849 et
1902 3777 2002 3849 sit
2065 3779 2373 3848 elatura.
2497 3772 2780 3865 Quibus
2840 3774 3086 3858 dictis,
3136 3775 3495 3873 apparet,
3558 3807 3824 3855 veram
3880 3767 4195 3880 pli‘iloso-

985 3885 1248 3996 phiam
1303 3905 1440 3954 nec
1495 3880 1738 3953 solum
1794 3899 1949 3950 esse
1980 3874 2464 3950 idealismum
2499 3898 2638 3946 nec
2673 3875 3163 3967 realismum,
3218 3878 3342 3950 sed
3377 3883 3735 3978 amplecti
3768 3869 4191 3978 utrumque.

1282 3979 1728 4053 Idealismus
1796 3976 2002 4050 enim
2070 3992 2143 4051 et
2196 3975 2598 4076 re‘ali'smus
2665 3999 2901 4069 quum
2969 3976 3120 4049 sint
3186 3973 3399 4074 quasi
3452 3998 3700 4079 partes
3767 3985 3928 4068 sive
3983 3983 4193 4070 fines,

962 4084 1253 4180 'quibus
1305 4081 1669 4155 scientiae
1721 4078 2051 4175 spatium
2105 4074 2826 4163 circnmscribatur‚
2907 4076 3222 4169 iisdem,
3296 4094 3378 4152 ut
3435 4081 3969 4175 naturaipsa,
4038 4107 4195 4157 sese

890 4201 897 4204 ’
956 4183 1367 4280 ‘explicant
1419 4194 1494 4252 et
1546 4179 2046 4253 continentur.
2153 4178 2236 4253 Si
2290 4176 2455 4272 quis
2513 4198 2692 4272 ergo
2749 4177 2891 4248 hoc
2939 4179 3059 4251 vel
3115 4177 3297 4261 illud
3355 4203 3625 4254 verum
3682 4181 4198 4278 philosophiae

953 4281 1450 4383 ‚principium
1517 4294 1601 4352 et*
1653 4277 1971 4352 unicum
2042 4301 2197 4349 esse
2274 4276 2660 4372 opinetur,
2728 4278 2943 4371 plane
3016 4277 3346 4364 fallitur,
3427 4305 3516 4353 ac
3579 4280 3749 4352 fieri
3816 4307 3962 4355 non
4041 4298 4196 4379 pot·

962 4376 1132 4474 ³est,
1223 4382 1406 4486 quin
1468 4376 1944 4476 corripiendo
2025 4403 2171 4449 uno
2224 4373 2745 4454 tantummodo
2802 4375 2952 4449 fin'e
3005 4377 3201 4468 hanc
3254 4402 3487 4453 unam
3539 4383 3778 4457 solam
3834 4383 4195 4457 scientiae

960 4477 1278 4584 'partem
1337 4481 1661 4578 explicet
1717 4491 1936 4572 atque
1992 4477 2301 4552 excolat.
2431 4474 2714 4569 Quibus
2768 4476 2989 4549 rebus
3043 4477 3177 4550 fiat
3227 4504 3528 4556 necesse
3574 4497 3724 4573 est,
3788 4497 3872 4556 ut
3935 4486 4197 4557 omnia

959 4583 1146 4678 'ejus
1199 4582 1478 4677 placita
1530 4580 1624 4656 ad
1676 4579 1895 4651 illam
1949 4577 2271 4670 alteram
2320 4574 2540 4648 modo
2592 4589 2887 4672 partem
2944 4578 3389 4674 respiciant,
3456 4585 3798 4683 neglecta
3853 4597 3988 4657 aut:
4032 4569 4194 4656 om„

986 4685 1164 4757 nino
1217 4695 1488 4776 negata
1541 4684 1801 4754 altera.
3673 4677 3678 4680 ·
4081 4673 4088 4678 ·

966 4871 973 4876 ,
1284 4782 1810 4880 Necessariam
1864 4788 2044 4854 san'e
2106 4777 2330 4852 istam
2389 4777 2602 4850 viam
2657 4776 3009 4878 esse,[id,
3063 4778 3257 4873 quod
3311 4781 3702 4872 neminem
3754 4781 3996 4882 fugit,
4060 4808 4198 4858 nec
4295 4827 4302 4832 -

960 4883 1207 4979 'plane
1290 4903 1628 4953 errorem
1725 4877 1921 4951 dici·
1974 4877 2209 4980 posse(
2278 4877 2287 4888 '
2345 4878 2825 4975 Philosophia
2922 4891 3216 4968 autem,
3322 4887 3552 4976 quam
3640 4883 3808 4958 dico
3902 4895 4197 4975 veram,

986 4998 1401 5078 utramque
1441 4995 1737 5077 partem
1805 4977 1892 5051 ad
1942 5004 2180 5051 unum
2238 4991 2483 5049 totum
2536 4977 2926 5062 connectit,
2968 4976 3196 5056 ideali
3249 4982 3466 5054 modo
3522 5007 3611 5057 ac
3661 4984 3739 5056 vi
3794 4980 4207 5079 tribuitque
