4919 5890
2344 567 2434 641 37

767 778 973 854 tione
1027 792 1098 855 et
1136 777 1707 867 contineantur,
1745 740 1821 852 et
1852 782 2232 872 constent3
2282 819 2384 837 —-
2415 778 2684 855 *fulcra
2733 780 2939 870 sane,
2991 799 3319 878 quorum
3361 797 3599 855 causa
3643 772 3812 875 jam
3863 798 3989 865 ve.-

655 928 667 943 ·
744 878 979 957 =teres
1015 881 1531 978 Anaxagoran
1583 879 2082 956 vehementer
2129 880 2523 979 urgebant.

1070 980 1355 1075 Quibus
1406 982 1665 1058 relatis
1716 1005 2300 1081 cognoscamus,
2357 980 2691 1058 Cartesii
2740 942 3233 1056 idealismum
3281 980 3754 1053 rationalem
3823 979 3991 1078 ‚qui-

765 1078 941 1157 dem
998 1080 1152 1157 dici
1207 1107 1439 1178 posse,
1494 1106 1766 1157 verum
1820 1105 1968 1157 non
2021 1082 2355 1181 perfecte
2411 1109 2545 1159 seu
2598 1085 2944 1156 obsolute
2963 1135 2992 1172 ,
3052 1082 3183 1157 sed
3247 1083 3630 1155 obstr-oete
3691 1080 3991 1157 ratione

765 1184 1307 1275 constitutum3
1362 1209 1510 1260 non
1563 1184 1867 1258 interna
1918 1181 2135 1259 ideae
2185 1210 2315 1259 seu
2366 1186 2486 1261 sui
2531 1185 2768 1283 ipsius
2811 1185 2902 1259 vi
2955 1208 3046 1258 ac
3101 1197 3419 1259 naturae
3462 1181 3988 1281 explicatione,

762 1283 894 1365 sed
971 1300 1282 1361 externa
1358 1285 1675 1361 rationis
1748 1285 2228 1384 perceptione
2316 1301 2392 1361 et
2481 1286 2762 1395 mentis
2848 1285 3253 1361 dialectica
3343 1283 4027 1361 demonstratione*

763 1401 1320 1484 comparatum.

1065 1487 1276 1582 Qu‘od
1329 1484 1733 1564 Cartesius
1771 1512 1903 1564 suo
1956 1486 2202 1563 studio
2247 1500 2321 1562 et
2372 1506 2604 1591 opere
2622 1429 3194 1585 philosophico
3218 1489 3633 1587 inceperat,
3685 1482 3988 1577 Baruch,

759 1584 1214 1661 Benedictus
1264 1613 1310 1661 a
1340 1588 1734 1687 Spinoza,
1799 1589 2283 1708 philosoph-us
2350 1616 2530 1664 vere
2591 1579 2902 1683 divinus
2970 1605 3195 1688 atque
3264 1590 3617 1665 omnium
3670 1586 3989 1663 fortasse

759 1688 1343 1805 excelsissimus,
1398 1691 1545 1766 sibi
1591 1690 2043 1783 vindicavit,
2084 1691 2249 1767 suis
2301 1690 2516 1765 auxit
2581 1703 2656 1764 et
2726 1689 2822 1763 ad
2885 1692 3421 1788 perfectiorem
3486 1689 3988 1785 altioremque
4043 1716 4048 1721 ·

626 1850 637 1863 .
757 1787 1124 1869 scientiae
1178 1790 1432 1894 exegit
1481 1793 1847 1870 formam.
1947 1795 2146 1869 Nam
2197 1817 2435 1890 quum
2490 1789 3005 1868 Cartesianae·
3032 1792 3547 1892 philosophiae
3580 1817 3730 1869 non
3762 1787 3984 1863 modo

759 1887 1113 1982 studeret,
1166 1894 1292 1967 sed
1347 1894 1673 1969 clariore
1726 1894 1965 1970 etiam
2017 1909 2092 1969 et
2144 1894 2620 1969 distinctiore
2672 1897 2968 1967 ratione
3021 1895 3546 1969 demonstrare
3615 1905 3691 1966 et
3752 1890 3986 1988 expli·¹

756 2012 938 2064 care
967 2017 1141 2068 eam
1173 2010 1609 2070 conaretur:
1662 1996 1835 2071 fieri
1864 2021 2008 2071 non
2048 1996 2309 2092 potuit,
2339 1996 2526 2090 quin
2559 1993 2800 2068 etiam
2838 1994 3115 2068 altius
3092 2024 3174 2068 ιιι
3229 1995 3436 2068 illius
3465 1991 3984 2091 philosophiae

758 2092 1073 2167 omnino
1098 2109 1388 2213 ..partes
1419 2109 1886 2192 penetraret,
1932 2095 2578 2194 profundiusque
2614 2093 2920 2169 easdem
2991 2096 3466 2192 perspiceret.
3574 2095 3982 2172 Verumta-

760 2212 942 2266 men
1015 2193 1253 2270 etiam
1319 2198 1481 2293 ejus
1546 2196 1913 2273 scientiae
1975 2197 2230 2270 forma
2293 2196 2597 2287 eodem,
2657 2219 2801 2291 quo
2855 2192 3226 2290 Cartesii,
3294 2197 3546 2296 primo
3599 2208 3676 2269 et
3727 2191 3981 2268 medio

760 2291 1086 2370 vertitur
1142 2310 1218 2371 et
1266 2324 1362 2372 ex
1415 2322 1498 2371 eo
1554 2297 1648 2372 ad
1696 2287 2007 2372 s'umma
2058 2309 2134 2370 et
2186 2311 2533 2372 extrema
2587 2296 2997 2396 egreditur.

1057 2396 1283 2496 Apud
1339 2396 1784 2474 Cartesium
1837 2399 1981 2472 hoc
2028 2423 2264 2497 grave
2321 2411 2802 2471 momentum
2847 2398 3034 2473 fuit·
3109 2395 3442 2492 „Cogito
3488 2418 3678 2493 ergo
3724 2396 3980 2484 sum“,

762 2494 971 2593 apud
1011 2496 1422 2595 Spinozam
1470 2514 1765 2574 autem.
1818 2522 2106 2592 „causa
2157 2497 2855 2575 mi“.Ca1-tesius
2905 2525 3039 2576 suo
3089 2502 3368 2598 placito
3413 2496 3987 2575 conclusionem

759 2619 854 2669 ex
908 2598 1202 2675 actione
1253 2600 1346 2675 ad
1394 2600 1517 2691 id,
1549 2600 1740 2697 quod
1790 2600 1974 2701 agit,
2025 2599 2252 2692 facit3
2305 2625 2489 2676 cum
2541 2616 2802 2677 autem
2852 2627 3077 2701 agere
3130 2627 3275 2675 non
3315 2602 3563 2698 possit,
3595 2601 3709 2674 ni
3721 2596 3746 2668 i
3783 2592 3986 2692 quod

762 2722 944 2772 vere
1011 2701 1063 2771 i.
1125 2727 1187 2775 e.
1253 2701 1852 2776 substantialiter
1913 2702 2034 2773 vel
2102 2700 2417 2775 realiter
2467 2700 2606 2792 sit3
2677 2726 2944 2816 agens,
3021 2701 3344 2776 actionis
3398 2725 3668 2789 causa,
3721 2698 3977 2812 ipsum

764 2811 914 2890 est3
966 2812 1042 2883 et
1095 2824 1330 2918 quum
1380 2826 1613 2900 agens
1665 2814 1741 2875 et
1787 2800 1988 2875 actio
2039 2822 2282 2872 unum
2334 2801 2690 2919 idemque
2746 2802 2887 2891 sit,
2937 2826 3167 2916 agens
3217 2826 3297 2875 se
3349 2805 3602 2899 ipsum
3656 2798 3856 2897 agit,
3923 2796 3984 2887 ἱ..

763 2923 830 2979 e.
879 2921 1115 2972 causo
1166 2903 1295 2975 sui
1346 2916 1495 2994 est3
1548 2900 1668 2995 id,
1713 2900 1908 3002 quod
1962 2900 2286 3010 Spinoza
2337 2902 2811 3012 principium
2852 2903 3082 3019 ponit.

1060 3002 1289 3077 Haud
1333 3003 1564 3079 facile
1609 3016 1868 3079 autem
1917 3013 2380 3102 quemquam
2451 3028 2601 3077 non
2667 3004 3059 3100 percipere
3127 3000 3530 3093 existimo,
3599 3000 3972 3118 Spinozae

762 3099 1058 3177 dictum
1107 3130 1203 3178 ex
1249 3105 1625 3181 altissimo
1676 3104 2044 3203 profundo
2098 3127 2256 3178 esse
2310 3105 2713 3202 prolatum.
2815 3106 3078 3190 Etiam
3129 3104 3212 3177 in
3255 3104 3542 3201 primis
3593 3104 3768 3178 viae
3812 3124 3974 3199 pas-

760 3203 989 3280 sibus
1015 3218 1355 3299 uterque
1379 3204 1800 3296 diducitur3
1849 3201 2239 3279 Cat-tesius
2289 3206 2502 3282 enim
2551 3204 2941 3304 egreditur
2989 3229 3294 3282 summo
3352 3233 3485 3283 suo
3550 3205 3786 3304 posito
3855 3227 3977 3277 co·

763 3303 1043 3404 gitato,
1076 3328 1121 3378 a
1159 3305 1320 3379 Deo
1371 3303 1531 3402 ipso
1586 3305 1889 3393 effecto,
1925 3328 2066 3376 nec
2119 3305 2447 3397 amplius
2484 3306 2918 3400 clariusque
2958 3308 3343 3397 definiens,
3395 3291 3580 3403 quid
3609 3308 3710 3383 sit
3747 3307 3981 3392 Deus,

761 3428 954 3502 quae
1002 3406 1163 3501 ejus
1202 3405 1660 3495 substantia,
1711 3416 1787 3478 et
1836 3401 2233 3498 quomodo
2250 3404 2459 3478 Deus
2506 3403 2592 3477 in
2643 3404 2907 3494 animo
2955 3406 3237 3478 efficiat
3285 3406 3543 3481 ideam
3611 3420 3685 3479 et
3733 3404 3855 3479 sui
3902 3418 3978 3477 et

760 3528 1052 3582 rerum.
1153 3505 1482 3580 Omnino
1526 3520 1792 3583 autem
1825 3501 1972 3577 Dei
2024 3501 2351 3577 idealem
2406 3502 2627 3586 modo
2679 3503 2760 3577 in
2815 3517 3070 3579 mente
3121 3505 3367 3601 posuit
3418 3521 3802 3594 naturam,
3852 3527 3972 3578 re·

757 3607 949 3684 licta
995 3607 1208 3681 reali.
1312 3607 1414 3705 Sp
1419 3608 1639 3684 inoza
1690 3620 1948 3705 autem
2002 3617 2405 3702 utramque
2459 3618 2757 3700 partem
2809 3606 2894 3681 in
2943 3631 3186 3681 unum
3231 3605 3588 3706 idemque
3627 3629 3971 3701 compre·

730 3704 1028 3783 'hendit
1078 3720 1152 3781 et
1178 3709 1510 3809 singulis
1557 3731 1822 3786 rerum
1871 3705 2147 3781 formis
2197 3731 2255 3782 s.
2306 3705 2758 3782 substantiis
2797 3708 2883 3783 in
2933 3731 3020 3782 eo
3084 3708 3348 3784 solutis
3398 3725 3475 3785 et
3541 3721 3968 3788 commuta-

762 3809 885 3902 tis,
939 3808 1187 3903 hujus
1212 3812 1473 3886 unius
1490 3835 1548 3885 s.
1599 3803 1749 3887 Dei
1802 3822 2158 3890 naturam
2207 3808 2764 3905 explanandam
2817 3808 3318 3908 periclitatur.
3893 3867 3900 3874 -

1049 3910 1219 3985 Hoc
1270 3927 1529 3987 autem
1581 3914 1928 4012 primum
1976 3908 2463 3988 indefinitum
2513 3912 2943 4002 necessaria
2995 3912 3414 3990 substantia
3445 3913 3766 4011 prima,
3797 3897 3990 3987 uni

760 4033 852 4086 ca
904 4021 979 4083 et
1029 3995 1331 4087 infinita
1377 4038 1445 4087 s.
1488 4011 1706 4086 Deus
1755 4013 1878 4087 vel
1924 4009 2099 4084 Ens
2148 4009 2480 4091 absolute
2545 4012 2979 4104 infinitum,
3046 4013 3293 4087 immo
3359 4013 3598 4089 etiam
3660 4038 3976 4090 concre-
4019 4096 4026 4102 ,

759 4126 928 4186 tum
981 4112 1555 4211 absolutumque
1597 4113 1782 4207 Ego
1823 4110 1980 4185 dici
2030 4124 2288 4208 potest,
2343 4126 2417 4186 et
2469 4111 2673 4189 idem
2725 4113 2881 4189 dici
2915 4139 3126 4214 posse
3150 4115 3473 4208 videtur,
3500 4115 3695 4214 quod
3723 4114 3964 4194 Grae-

765 4212 932 4286 ciae
979 4213 1400 4313 philosophi
1466 4221 1612 4307 „to'
1654 4211 1744 4282 εν
1782 4209 1934 4282 fiae«
1996 4212 2504 4334 appellabant,
2568 4240 2844 4290 verum
2912 4242 3061 4292 non
3128 4217 3273 4295 hoc
3336 4218 3677 4317 duplice,
3739 4242 3988 4313 quem&

765 4313 1088 4411 Spinoza
1137 4317 1404 4412 posuit,
1455 4313 1585 4392 sed
1637 4313 2024 4408 simplice
2038 4314 2160 4385 vel
2206 4315 2537 4398 naturali
2605 4316 2872 4395 modo.-
2951 4318 3158 4414 Quod
3213 4335 3469 4396 autem
3522 4342 3765 4394 unum
3832 4332 3966 4409 est,

766 4439 1003 4510 quum
1054 4439 1277 4490 causa
1336 4414 1483 4500 sui
1496 4417 1618 4505 sit,
1673 4414 1834 4510 agit
1884 4414 1934 4486 i.
1988 4439 2050 4487 e.
2106 4414 2475 4494 exsistere
2525 4419 2879 4511 molitur3
2927 4420 3121 4517 quod
3167 4445 3430 4495 rursus
3478 4419 3649 4493 fieri
3680 4419 3984 4518 nequit,-

764 4516 915 4591 nisi
967 4516 1334 4612 quasdam
1386 4514 1869 4592 exsistentiae
1918 4513 2205 4614 species
2259 4516 2341 4590 in
2391 4542 2473 4592 se
2524 4519 2772 4617 ponit3
2841 4547 3110 4619 easque
3161 4522 3488 4616 Spinoza
3541 4518 3744 4596 haud
3793 4534 3965 4620 apto

763 4616 1072 4691 nomine
1116 4621 1520 4693 Attribute
1573 4615 1914 4713 appellat.
2006 4614 2321 4715 Species
2372 4632 2627 4693 autem
2682 4620 2872 4696 haec
2927 4625 3045 4702 vel
3110 4623 3473 4696 attributa
3537 4622 3823 4699 iterum
3887 4648 3967 4695 se

762 4744 839 4792 ιι
852 4737 967 4792 ter
1031 4719 1434 4834 semetipsa
1500 4720 1610 4792 ita
1674 4715 2013 4792 afficiunt
2073 4718 2198 4794 ‚vel
2259 4719 2736 4812 modificant,
2802 4737 2886 4796 ut
2935 4723 3338 4818 quosdam,
3391 4724 3599 4800 aliud
3653 4726 3736 4799 in
3790 4722 3968 4816 alio,

764 4819 1030 4893 modos
1058 4818 1220 4893 sive
1247 4818 1701 4935 affectiones
1708 4816 2060 4892 efficiant.
2077 4852 2189 4874 -
2267 4821 2437 4906 Hoc
2467 4823 2630 4898 loco
2667 4838 3360 4898 commemoratum
3389 4826 3744 4915 velimus,
3775 4825 3965 4897 haec

764 4918 1133 5016 Spinozae
1178 4922 1540 4998 attributa
1588 4918 1787 4995 nihil
1848 4915 2000 4992 nisi
2062 4931 2411 4995 veterum
2482 4924 2847 4997 monades
2906 4925 3028 4999 vel
3099 4922 3429 5002 Cartesii
3491 4922 3966 5001 substantiae

766 5018 1085 5115 (Οὐσίας),
1137 5024 1498 5102 attributa
1545 5033 1806 5099 autem
1857 5015 2110 5092 modis
2160 5016 2434 5121 offecto
2479 5024 2807 5101 Platonis
2851 5025 3066 5102 ideas
3116 5024 3342 5123 (ἰδέας
3392 5031 3511 5105 vel
3557 5024 3753 5123 εἴδη)
3804 5047 3961 5101 esse
