4919 5890
2314 528 2399 599 21

741 737 1011 840 phiam
1062 733 1235 815 vim
1284 750 1506 813 suam
1559 731 2034 812 obtinentem
2088 732 2510 811 videamus.
2585 726 3125 839 Anaxagorae
3175 734 3549 828 doctrine,
3604 756 3956 836 persaepe

742 840 1036 941 magis,
1091 862 1326 937 quam
1379 837 1706 928 meruit,
1760 837 2074 915 laudata
2124 835 2482 913 universe
2535 834 2794 910 minus
2845 840 3203 932 rationis,
3247 862 3490 937 ,quam
3544 837 3822 914 mentis
3874 838 3954 915 vi

741 942 1180 1034 constituta,
1230 954 1305 1015 et
1355 939 1557 1016 hanc
1608 937 1701 1013 ob
1759 960 2078 1023 causam
2118 961 2397 1014 verum
2453 935 2766 1035 quidem
2819 939 3010 1015 illud
3057 940 3486 1029 discrimen
3530 938 3954 1036 invenisse;

742 1045 1121 1121 affirmata
1177 1055 1437 1118 autem
1491 1036 1766 1130 illa,'a
1817 1053 2030 1116 recta
2085 1041 2215 1117 via
2269 1038 2669 1113 aberrasse
2711 1038 2869 1116 dici
2920 1055 3198 1142 potest,
3263 1041 3457 1141 quod
3512 1066 3604 1117 ex
3658 1065 3743 1117 eo
3793 1064 3953 1117 ma·

738 1146 954 1227 xime
1006 1156 1341 1241 apparet,
1393 1140 1586 1240 quod
1638 1140 1732 1218 de
1783 1141 1982 1218 ideis
2032 1156 2164 1218 aut
2211 1140 2461 1233 nihil,
2515 1152 2647 1214 aut
2699 1144 2906 1218 male
2959 1140 3428 1244 disputabat,
3482 1166 3755 1240 easque
3796 1143 3951 1243 pla·

741 1273 838 1323 ne
890 1273 985 1323 ne
1042 1246 1099 1319 li
1154 1245 1346 1320 ebat.
3787 1274 3790 1277 -

990 1270 1301 1445 ςΝξεῙιιθ
1348 1337 1939 1444 tamen-negari
1992 1352 2260 1438 potest,
2307 1339 2825 1440 Anaxagoran
2878 1342 3114 1419 fuisse
3166 1344 3552 1443 primum,
3603 1344 3735 1445 qui
3788 1344 3955 1445 phi·

738 1446 1167 1546 losophiam
1221 1444 1582 1523 dividerit
1631 1445 1711 1521 in
1763 1445 1952 1521 duas
2001 1454 2279 1539 partes,
2336 1441 2898 1541 philosophiam
2954 1447 3242 1518 realem
3298 1471 3430 1523 seu
3483 1446 3952 1542 naturalem,

734 1564 810 1624 et
859 1550 1187 1624 idealem
1239 1574 1372 1627 seu
1422 1545 1924 1647 spiritualem.
2028 1541 2189 1637 Quo
2243 1544 2483 1617 etiam
2527 1541 2716 1618 inud
2768 1543 3059 1637 effecit,
3111 1561 3198 1621 ut
3242 1548 3389 1625 hac
3438 1547 3956 1652 philosophiae

735 1652 992 1730 forma
1037 1653 1359 1752 posteris
1412 1675 1505 1729 ac
1552 1650 1906 1750 proxime
1961 1643 2271 1743 quidem
2316 1643 2835 1719 Atomisticae
2877 1660 2954 1721 et
3002 1648 3317 1725 Atticae
3363 1649 3954 1732 fundamentum

740 1755 957 1851 quasi
1006 1757 1313 1852 jaceret.
1417 1754 1606 1831 Prae
1659 1750 1937 1827 ceteris
1988 1760 2288 1839 autem,
2359 1770 2598 1845 quum
2646 1745 2791 1822 hoc
2844 1750 3010 1826 loce
3035 1776 3212 1827 -non
3263 1752 3785 1853 philosophiae
3834 1753 3953 1830 hi-

741 1856 1062 1931 storiam
1127 1882 1538 1955 exponere,
1610 1853 1745 1929 sed
1807 1848 2198 1928 idealismi
2264 1847 2483 1923 viam
2549 1861 2978 1927 monstrare
3051 1851 3647 1950 destinavimus,
3736 1854 3951 1934 nobis

742 1954 1286 2054 dignissimum
1337 1958 1719 2055 explicatu
1786 1979 1877 2031 ac
1930 1963 2371 2027 memoratu
2424 1947 2770 2039 videtur,
2832 1975 2976 2048 quo
3045 1952 3269 2028 modo
3331 1968 3497 2055 post
3543 1961 3950 2059 Anaxago·

740 2080 885 2132 ran
940 2058 1319 2135 abstracta
1371 2060 1532 2154 ejus
1584 2054 1970 2130 idealismi
2025 2047 2618 2143 faciessublata
2667 2048 2770 2123 sit
2824 2074 2869 2124 a
2915 2055 3253 2147 ratione,
3326 2058 3572 2134 menti
3607 2061 3950 2157 ejusque

740 2159 1210 2235 constantiae
1257 2169 1749 2257 repugnante.
1853 2154 2017 2248 Qua
2070 2175 2165 2224 ex
2213 2171 2489 2264 pugna·
2525 2174 2675 2224 non
2728 2147 2952 2226 modo
3006 2156 3568 2261 philosophiam
3617 2159 3949 2237 idealem

740 2261 1176 2353 enucleari,
1230 2283 1504 2336 verum
1550 2256 1791 2333 etiam
1843 2274 2126 2332 novam
2179 2274 2270 2326 ac
2317 2262 2631 2327 tertiam
2682 2249 2992 2347 quidem
3043 2258 3559 2363 philosophiae
3604 2259 3949 2336 dialecti..

740 2384 912 2455 cam
961 2362 1157 2452 dico,
1209 2387 1342 2438 seu
1392 2358 1852 2434 rationalem
1903 2365 2202 2454 partem
2257 2349 2569 2449 prodire
2623 2351 3085 2436 videbimus.
3136 2404 3243 2420 -

756 2528 759 2533 .
1037 2465 1379 2539 Mentem
1431 2457 1664 2557 (νοῦν)
1715 2459 1960 2560 igitur
2024 2452 2532 2554 cognovimus
2611 2451 2882 2530 mundi
2944 2482 3103 2537 esse
3156 2463 3588 2566 principem
3629 2486 3946 2541 causam

734 2561 830 2641 ad
894 2561 1131 2640 finem
1203 2562 1582 2663 quendam
1642 2562 1910 2637 omnia
1979 2555 2446 2655 dirigentem
2504 2580 2596 2631 ac
2646 2556 2730 2632 vi
2781 2573 3353 2661 penetrantem,
3426 2566 3635 2643 illius
3687 2580 3947 2643 autem

732 2677 1095 2751 naturam
1119 2666 1645 2766 Anaxagoras,
1694 2662 2059 2763 physicus
2107 2671 2183 2731 et
2234 2670 2743 2751 astronomus,
2792 2663 3124 2760 amplius
3175 2670 3558 2767 explicare
3614 2682 3745 2742 aut
3795 2695 3947 2755 non

736 2763 1083 2860 audebat,
1134 2782 1266 2843 aut
1315 2764 1718 2842 nesciebat.
1824 2764 2078 2860 Quum
2133 2772 2393 2832 autem
2443 2783 2666 2835 mens
2715 2758 2796 2833 id
2845 2762 2988 2854 sit,
3054 2769 3251 2863 quod
3305 2781 3611 2844 moveat
3664 2784 3738 2844 et
3790 2771 3944 2846 effi-

736 2866 895 2943 ciat
921 2893 1041 2963 ea,
1063 2895 1254 2967 quae
1281 2868 1673 2960 exsistant,
1719 2865 1803 2940 in
1863 2859 2669 2965 prodeuntibusrebus
2717 2863 3064 2966 maxime
3118 2885 3475 2969 appareat
3526 2883 3601 2944 et
3650 2893 3731 2944 se
3780 2871 3946 2972 ipsa

731 2971 1176 3048 manifestat
1223 2995 1528 3048 necesse
1573 2983 1711 3045 est.
1810 2967 1900 3041 In
1965 2986 2231 3041 rerum
2297 2976 2576 3040 natura
2625 2961 3128 3068 Anaxagoras
3194 2972 3357 3070 ipse
3408 2972 3763 3048 divinum
3818 3000 3944 3073 op-

731 3072 928 3172 time
989 3074 1658 3176 pulcherrimeque
1715 3067 2156 3145 institutum
2222 3063 2576 3141 ordinem
2639 3066 2964 3163 probare
3033 3085 3111 3146 et
3176 3075 3568 3152 affirmare
3631 3088 3946 3153 conatus

727 3188 878 3269 est,
928 3202 1079 3260 non
1130 3201 1390 3274 aeque,
1443 3189 1573 3253 aut
1625 3172 1884 3248 minus
1933 3184 2141 3247 certe
2190 3169 2274 3244 in
2326 3166 2576 3262 rebus,
2629 3193 2823 3265 quae
2874 3171 2970 3247 ad
3018 3175 3464 3253 societatem
3489 3177 3948 3272 humanam,

729 3276 829 3351 ad
895 3277 1268 3352 sentiendi
1339 3292 1415 3351 et
1474 3275 1815 3364 dicendi,
1872 3272 1995 3362 ¹ad
2073 3267 2462 3371 cogitandi
2497 3335 2504 3340 .
2537 3267 2997 3371 vivendique
3075 3278 3457 3356 rationem
3524 3280 3944 3380 pertinent;

732 3377 1091 3472 quamvis
1156 3376 1395 3451 etiam
1460 3376 1547 3453 in
1609 3374 1733 3448 his
1794 3372 2148 3447 omnibus
2222 3369 2514 3442 mentis·
2566 3370 2879 3447 divinae
2931 3391 3379 3472 potestatem
3432 3396 3938 3483 cognosceret.

728 3480 1001 3555 Immo·
1047 3502 1230 3552 vero
1296 3502 1515 3553 mens
1582 3474 1932 3553 Graecae
1997 3471 2268 3549 aetatis
2324 3471 2499 3567 jam
2564 3468 2747 3545 adeo
2820 3489 2986 3556 erat
3053 3504 3453 3579 progressa
3466 3533 3492 3573 ,
3559 3498 3648 3558 ut
3698 3484 3941 3581 pluris

646 3655 647 3658 ,
731 3578 1180 3656 aestimaret
1227 3578 1348 3653 sui
1398 3576 1676 3677 ipsius,
1749 3598 1983 3671 quam
2046 3589 2364 3662 naturae
2429 3571 2963 3670 cognitionem.
3072 3578 3233 3673 Quo
3284 3585 3583 3661 factum
3634 3597 3784 3675 est,
3853 3597 3943 3660 ut

732 3703 912 3757 eam
963 3707 1008 3757 e
1056 3694 1330 3756 natura
1378 3694 1454 3757 et
1509 3675 1990 3756 naturalibus
2043 3673 2610 3772 quaestionibus
2655 3674 2752 3752 ad
2807 3700 2886 3751 se
2939 3693 3014 3754 et
3063 3681 3184 3759 sui
3235 3682 3473 3781 ipsius
3523 3686 3939 3786 investiga·

732 3782 1020 3859 tionem
1074 3780 1567 3874 redeuntem,
1621 3794 1699 3855 et
1749 3791 2110 3855 naturam
2164 3778 2306 3854 hoc
2360 3775 2522 3873 ipso
2574 3774 2824 3853 reditu
2880 3783 3098 3878 quasi
3148 3785 3508 3862 relictam
3581 3814 3624 3864 a
3680 3802 3936 3864 mente

730 3886 817 3961 in
883 3883 1433 3978 atomismum,
1490 3897 1575 3958 ut
1634 3882 1750 3966 sic
1818 3882 2126 3973 dicam,
2188 3880 2633 3956 dissolutam
2697 3879 3284 3980 conspiciamus.
3440 3889 3661 3964 Mens
3722 3889 3936 3966 enim

724 3985 1114 4085 prioribus
1158 3984 1434 4062 studiis
1478 3983 1950 4061 naturalibus
1996 3983 2297 4082 eripuit.
2349 3981 2568 4078 quasi
2622 3994 2698 4055 et
2755 3982 2912 4068 asihi
2964 3986 3406 4066 vendicavit
3455 4014 3723 4066 rerum
3772 3991 3934 4072 ani-

721 4112 891 4164 mas
938 4086 1078 4164 sub
1127 4087 1393 4187 specie
1429 4086 1855 4188 notionum,
1902 4085 2149 4185 iisque
2201 4097 2551 4163 contenta
2598 4082 3083 4182 spiritualem
3135 4089 3299 4167 sive
3330 4088 3662 4168 idealem
3710 4119 3933 4170 mun-

720 4190 906 4267 dum
958 4213 1411 4289 componere
1459 4187 1645 4264 nisa
1676 4201 1812 4284 est.
2529 4272 2538 4280 ,

732 4337 755 4370 ,-
914 4336 923 4348 ·
1022 4292 1318 4368 Verum
1362 4289 1571 4367 enim
1613 4314 1793 4364 vero
1847 4287 2037 4365 haec
2091 4312 2381 4387 quoque
2432 4287 2555 4362 sui
2607 4288 2944 4392 cognitio
2995 4301 3069 4363 et
3119 4294 3482 4386 scientia,
3549 4317 3695 4370 non
3765 4305 3934 4369 tam

723 4390 1185 4490 subjectiva,
1266 4415 1498 4489 quam
1561 4387 1936 4488 objectiva
2001 4390 2370 4490 appellari
2429 4404 2816 4488 oportet.2
2876 4393 3077 4465 Nam
3141 4423 3290 4472 non
3366 4418 3559 4493 pura
3623 4397 3930 4471 notione

725 4491 1473 4592 comprehenduntur
1540 4505 1614 4568 et
1676 4490 2191 4591 inspiciuntur
2245 4494 2535 4568 mentis
2595 4494 2675 4568 in
2738 4493 2903 4569 vita
2953 4497 3497 4596 cogitationes,
3551 4498 3930 4576 orationes

725 4613 947 4696 atque
1000 4596 1371 4685 actiones,
1421 4593 1553 4670 sed
1602 4593 1902 4671 notione
1953 4595 2169 4693 quasi
2221 4609 2620 4688 concreta,
2668 4595 2720 4669 i.
2780 4622 2842 4671 e.
2899 4619 2988 4670 ea
3039 4599 3375 4691 ratione,
3425 4593 3561 4671 sub
3615 4623 3765 4697 qua
3813 4626 3926 4678 se-

722 4726 804 4776 se
855 4700 1058 4799 ipsas
1108 4700 1189 4773 in
1233 4697 1440 4773 vitae
1494 4697 1887 4797 cogitatis,
1944 4697 2173 4794 dictis
2226 4700 2564 4795 actisque
2608 4698 3129 4774 manifestant.
3236 4699 3479 4794 Quas,
3536 4713 3623 4775 ut
3674 4701 3922 4800 appel-

722 4801 1101 4893 lavimus,
1160 4804 1556 4875 conci-etas
1623 4801 1910 4875 mentis
1975 4799 2270 4875 formas
2337 4801 2514 4878 sive
2565 4798 2775 4877 ideas
2828 4796 2922 4873 ad
2974 4824 3202 4896 puras
3253 4802 3528 4878 efferre
3575 4813 3649 4876 et
3699 4824 3917 4876 snam

723 4904 963 5003 ipsius
1011 4902 1474 4980 abstractam
1520 4913 1594 4978 et
1642 4901 1892 4979 adhuc
1942 4925 2274 4978 vacuam
2326 4902 2664 4978 formam
2710 4900 2979 4980 multis
3031 4903 3419 5003 variisque
3471 4900 3684 4996 quasi
3730 4898 3940 5001 figu-.

718 5008 833 5087 ris
873 5019 950 5085 et
997 5001 1390 5105 speciebus
1437 5007 1819 5105 complere
1869 5030 2074 5094 nune
2122 5005 2402 5083 mentis
2453 5017 2570 5081 est
2619 5002 3014 5107 negotium
3068 5031 3159 5084 ac
3210 5008 3573 5083 studium.
