4919 5890
432 30 499 43 «ι,-
540 30 639 43 *=—-
678 36 687 43 .
710 28 799 41 -Ι-
830 28 927 39 ..ι-ιη..

2587 561 2660 605 ‘VI

1128 740 1621 849 „studium
1691 744 1799 830 in
1862 747 2175 827 tanta
2229 763 2554 827 rerum
2616 726 3080 829 ubertate
3136 739 3516 862 justam
3580 734 4238 866 affert.excu·

1117 861 1686 964 „sationem.
1808 855 2169 966 Itaque
2226 880 2531 966 quum
2592 857 2904 941 etiam
2937 851 3422 965 lzistorica
3484 865 4238 949 commentatio·

1126 975 1337 1077 „nis
1409 986 1697 1084 pars,
1780 971 1944 1078 cui
2004 962 2534 1055 secundum
2596 976 2952 1054 auctor
3028 966 3354 1055 locum
3435 965 3846 1073 tribuit,
3926 1000 4244 1087 aeque

1127 1078 1756 1199 „laudabilis
1813 1087 2241 1168 inventa
2296 1079 2458 1179 sit,
2525 1082 2900 1192 quippe
2959 1106 3218 1194 qaae
3278 1085 3389 1169 in
3450 1083 4056 1173 recensendis
4089 1089 4242 1186 iis,
4336 1171 4353 1184 ,

1123 1226 1440 1314 „quae
1495 1192 1689 1284 huc
1823 1194 2259 1280 ertinent
2310 1195 2884 1302 systematis
2945 1190 3554 1310 diligentiae
3614 1190 4069 1300 exir'niae,
4131 1202 4242 1283 in

1124 1310 1668 1421 „discutien
1744 1314 1828 1395 is
1884 1295 2499 1407 rationibuS,
2560 1295 2936 1418 ,quibus
3000 1335 3121 1392 ea
3193 1306 3718 1398 idealisnzo
3791 1302 4240 1401 attribu-

1126 1420 1450 1533 „enda
1507 1450 1697 1509 esse
1757 1415 2526 1537 demonstratur,
2587 1419 2876 1504 acuti
2909 1415 3291 1544 judicii
3353 1426 3904 1534 specimina
3971 1419 4245 1510 exbi-

1132 1528 1451 1645 ‚,beat,
1518 1544 1875 1622 auctor
1935 1556 2137 1617 non
2198 1534 2477 1645 qaod
2523 1528 2816 1635 solus,
2870 1530 3372 1651 sedquod
3423 1521 4026 1648 sufficienter
4100 1532 4255 1621 ad
4291 1576 4338 1593 τ

1124 1649 1809 1792 „propositam
1896 1647 2580 1757 quaestionem
2661 1648 3219 1759 respondit,
3287 1676 3738 1762 praemio
3823 1658 4244 1736 ornatus

1056 1770 1073 1780 “
1181 1763 1371 1851 est!
2583 1776 2592 1789 '
2677 1774 2700 1793 ⁸

1126 1830 1176 1870 n
1324 1866 1438 1962 In
1501 1869 2027 1989 duplicem,
2095 1869 2356 1986 quod
2427 1868 2681 1959 haud
2741 1870 3150 1980 inficier,
3221 1869 3807 1993 quaestionis
3884 1875 4247 1964 absolu-

1016 1998 1281 2083 tione
1372 1987 1841 2086 instituta,
1928 1984 2228 2071 incidi
2320 1983 3011 2093 difficultatem,
3083 2007 3400 2099 -1‹tr
3443 1991 3589 2077 rei
3664 2005 3759 2074 et
3807 1983 4243 2103 formae.

905 2163 915 2172 -
1013 2110 1187 2198 Rei
1246 2099 1634 2223 quidem
1698 2093 2347 2185 difficultatem
2405 2099 3325 2222 me,philosophicis
3359 2132 3555 2190 non
3601 2105 4038 2222 ignottun
4090 2104 4248 2188 iis—

1084 2251 1205 2305 ue
1257 2239 1853 2330 summopere
1913 2208 2483 2314 studentem,
2558 2212 2959 2304 confisus
3019 2246 3225 2304 sum
3302 2245 3496 2304 esse
3565 2234 4243 2332 superaturum.

1016 2253 1343 2417 §orma
1384 2346 1613 2407 vero
1670 2349 2001 2435 rursus·
2043 2321 2527 2438 duplicem
2582 2326 2995 2412 involvit
3054 2330 3697 2444 componendi
3741 2330 4246 2413 rationem-2

1016 2444 1232 2531 una
1302 2433 1657 2524 scilicet
1727 2435 2147 2549 per-tinet
2229 2434 2349 2523 ad
2414 2465 2652 2542 rem,
2729 2455 2819 2524 at
2889 2469 3011 2526 ue
3087 2470 3138 2526 a
3207 2443 3350 2527 rei
3406 2443 3704 2557 ipsius
3763 2436 4249 2554 dependet

1023 2547 1657 2671 explicatione
1746 2561 1843 2631 et
1914 2574 2106 2665 una
2184 2577 2396 2636 cum
2456 2580 2564 2638 ea
2625 2550 2845 2637 abso
2894 2556 3182 2656 vitur3
3259 2549 3601 2640 altera
3676 2568 3989 2637 autem
4047 2578 4250 2665 spe-

1024 2683 1207 2753 ctat
1260 2662 1413 2752 lin
1492 2689 1759 2765 uam,
1820 2686 2402 2776 eaquesane
2464 2665 3001 2783 gravissima
3063 2683 3230 2769 est,
3292 2683 3386 2751 et
3443 2681 3808 2752 tantum
3843 2661 4245 2749 difficul-

1021 2782 1237 2867 tatis
1303 2781 1434 2862 mi
1502 2779 1541 2861 i
1605 2774 2091 2861 continere
2153 2773 2572 2879 videtur,
2641 2798 3098 2892 quantum
3170 2810 3322 2866 me
3387 2777 3978 2865 devicturum
4048 2805 4245 2863 esse

961 2890 965 2897 ’
1021 2896 1216 2984 fere
1271 2886 2004 3007 desperaverim.
2119 2889 2467 2977 Nostra
2518 2893 2777 2978 enim
2818 2920 3116 3010 eaque
3178 2922 3398 2980 vera
3457 2884 4062 3008 philosophia
4119 2891 4249 2975 la-

1020 3010 1218 3096 tine
1266 3001 1648 3091 dicendi
1696 2999 2086 3087 formam
2136 3005 2169 3087 i
2248 3030 2438 3089 sam
2481 3029 2997 3119 superasse,
3041 3004 3506 3121 dirupisse
3546 3021 3828 3119 atque
3863 3004 3969 3087 in
4014 2995 4250 3105 sem-

1021 3124 1501 3240 piternum
1551 3113 1988 3226 abjecisse
2028 3117 2128 3201 vi
2202 3133 2433 3216 etur,
2492 3117 2625 3202 ita
2667 3134 2775 3202 ut
2816 3119 3206 3205 nonnisi
3248 3134 3559 3204 nostra
3593 3116 3914 3232 lingua
3953 3143 4248 3231 quum

1025 3226 1483 3352 progredi*
1505 3228 1894 3315 formam
1924 3244 2121 3313 tum
2158 3246 2578 3315 constare
2619 3245 3070 3316 et²veram
3116 3257 3313 3317 esse
3368 3257 3648 3347 posse
3697 3225 4243 3338 judicemus

1329 3343 1601 3430 Hanc
1659 3337 1779 3426 de
1841 3337 2331 3427 idealismo
2393 3338 3140 3430 dissertationem
3199 3372 3528 3447 meam,
3572 3369 3853 3461 quam
3893 3338 4249 3429 Acade-

1028 3463 1248 3552 mici
1326 3451 1737 3548 docendi
1809 3456 2224 3543 muneris
2298 3482 2570 3542 causa
2626 3457 2882 3573 typis
2938 3455 3340 3546 librariis
3393 3455 3850 3546 edendam
3903 3456 4247 3555 curavi,

1025 3602 1280 3664 nunc
1334 3570 1455 3661 in
1496 3567 1802 3653 lucem
1860 3563 2368 3683 proditam,
2424 3596 2820 3686 eamque
2881 3569 3412 3672 nonnullis,
3460 3599 3701 3687 quae
3762 3571 4247 3711 pertinent

1028 3686 1143 3775 ad
1190 3712 1386 3772 rem
1442 3699 1535 3767 et
1584 3679 1996 3781 Formam,
2062 3678 2650 3768 emendatam
2697 3687 3204 3801 conspicis,
3310 3678 3578 3771 Vale!
3673 3765 3682 3768 ,
3837 3731 3844 3738 -

1322 3825 1763 3917 Berolini.
1804 3825 1945 3913 Μ.
1988 3828 2054 3912 F
2060 3824 2415 3912 ebruar.
2466 3825 2574 3912 A.
2630 3824 3426 3919 MDCCCXXVI.
