4919 5890
1086 448 1144 475 -s
1250 476 1251 483 ,

2517 513 2604 584 46

949 718 1230 820 jectiva
1281 715 1858 812 nominaverat3
1910 713 2260 794 F'ichtius¹
2312 714 2597 815 autem,
2652 747 2832 797 eum
2884 731 3221 824 sequens,
3273 755 3421 808 non
3471 735 3720 812 modo*
3747 736 3980 834 haec,
4049 736 4177 824 sed

952 846 1217 897 rerum
1267 820 1587 895 omnino*
1630 820 1935 919 singula
1985 833 2059 894 et
2110 821 2533 918 peculiaria
2579 825 2911 923 cogitata
2951 829 3104 906 'hoc
3160 835 3469 910 nomine
3523 842 3885 936 appellat,
3939 847 4051 924 ita
4095 864 4177 926 ut

952 950 1103 1003 non
1131 945 1256 996 res
1284 923 1408 997 vel
1455 918 1718 994 visum
1764 920 2109 1015 (sache),
2159 920 2288 998 sed
2330 923 2764 1017 cogitatum
2813 929 3080 1029 (Ding,
3114 929 3523 1033 Gedanke)
3567 966 3745 1016 vere
3796 945 3896 1019 sit
3947 953 4173 1026 reale.

1249 1023 1516 1101 Kantii
1567 1023 2038 1121 philosophia
2094 1021 2362 1097 deinde
2413 1027 2497 1100 in
2549 1051 2630 1101 se
2697 1030 3021 1104 recludit
3092 1032 3478 1133 duplicem
3546 1044 3928 1137 quendam
3992 1052 4178 1125 dua·
4285 1092 4294 1101 >1

953 1127 1307 1216 Iism'um3
1360 1148 1606 1198 unum
1654 1124 1939 1196 mentis
1968 1137 2064 1209 ¹et
2108 1138 2458 1219 naturae,
2513 1130 2843 1203 alterum
2895 1132 3181 1205 realem
3236 1160 3294 1211 s.
3326 1143 3722 1237 materiae,
3770 1162 3845 1221 et
3875 1150 4179 1241 jorma-

954 1227 1110 1300 Iem
1160 1251 1217 1300 s.
1268 1226 1566 1299 formae
1619 1226 1700 1299 in
1746 1225 1961 1299 ideae
2009 1224 2307 1307 notione
2342 1227 2527 1323 ipsa.
2634 1230 2861 1305 Hunc
2891 1246 3357 1329 postremum
3393 1244 3736 1321 Fichtius
3788 1251 4182 1349 ingeniose

954 1330 1205 1404 delere
1258 1341 1567 1401 conatus
1623 1341 1758 1416 est,
1809 1339 1882 1399 et
1932 1326 2268 1400 feliciter
2307 1328 2616 1404 delevit.
2725 1335 3033 1408 Veteres
3083 1338 3387 1437 physici
3438 1348 3557 1416 vel
3627 1363 3946 1427 naturae
4012 1355 4179 1453 phi·

953 1429 1244 1528 losephi
1293 1427 2027 1524 comprehenderunt
2077 1429 2498 1526 cogitatum
2550 1431 2830 1532 (Ding)
2879 1433 2964 1508 in
3013 1462 3098 1510 re
3154 1441 3315 1536 ipsa
3369 1443 3722 1544 (Sache);
3776 1455 3980 1529 Plato
4014 1481 4177 1533 ma-

957 1537 1170 1611 xime
1219 1530 1303 1603 in
1355 1529 1582 1603 verbo
1635 1527 1859 1620 (λόγῳ,
1908 1529 2256 1623 Worte);
2304 1532 2747 1607 Aristoteles
2798 1558 2969 1607 rem
3023 1551 3098 1611 et
3148 1543 3569 1641 cogitatum
3633 1564 3874 1628 unum
3938 1557 4177 1633 idem·

960 1661 1105 1735 que
1167 1630 1386 1704 duxit
1450 1644 1525 1703 et
1592 1628 1893 1701 nullum
1958 1631 2178 1726 plane
2240 1629 2661 1705 discrimen
2723 1634 2949 1729 fecit,
3020 1637 3345 1718 Kantius
3394 1649 3855 1731 universalia
3911 1684 4175 1733 rerum

948 1742 1044 1814 in
1088 1734 1515 1828 subjectum
1565 1727 1928 1818 traduxit,
1982 1729 2198 1829 eique
2249 1732 2390 1806 soli
2432 1732 2900 1828 vindicavit,
2972 1739 3315 1820 Fichtius
3384 1774 3554 1823 rem
3620 1752 3864 1850 ipsam
3935 1772 4175 1835 totam

962 1840 1045 1914 in
1099 1834 1356 1909 animo
1412 1843 1850 1905 nascentem
1894 1829 2090 1904 facit
2138 1831 2190 1904 i.
2244 1858 2307 1907 e.
2357 1857 2527 1907 rem
2576 1847 2649 1907 et
2701 1837 3124 1934 cogitatum
3176 1858 3420 1919 unum
3473 1850 3826 1950 idemque
3868 1859 3948 1933 in
4017 1865 4177 1937 ani-

964 1964 1092 2016 mo
1145 1934 1390 2034 pouit3
1440 1944 1975 2005 verumtamen
2026 1956 2175 2006 non
2242 1960 2400 2025 res,
2466 1960 2656 2031 quae
2720 1943 3091 2017 naturalis
3155 1970 3286 2019 seu
3349 1955 3776 2032 materialis
3836 1973 4000 2054 est,
4047 1964 4176 2038 sed

964 2038 1196 2117 ideali
1273 2060 1331 2109 s.
1398 2031 1781 2131 spirituali
1853 2030 2073 2121 modo
2154 2037 2702 2134 comprehensa
2777 2043 3117 2119 oratione
3189 2046 3270 2120 in
3352 2052 3707 2131 animam
3785 2066 4172 2140 translata.

960 2145 1180 2217 Haec
1230 2134 1561 2233 cogitata
1599 2156 1721 2206 res
1771 2133 2051 2230 (Ding)
2104 2158 2250 2209 non
2305 2136 2528 2212 modo
2601 2137 3007 2216 scientiam
3072 2145 3311 2222 efficit
3375 2152 3425 2225 i.
3483 2178 3548 2232 e.
3617 2160 3930 2255 spiritus
3963 2206 3966 2207 ν
4001 2190 4171 2240 eam

964 2247 1329 2330 intuetur,
1375 2257 1651 2311 verum
1697 2246 1771 2306 et
1820 2234 2161 2329 speciem
2206 2236 2382 2329 fert,
2435 2241 2648 2334 quasi
2700 2241 2780 2313 id
2832 2244 3254 2340 cogitatum
3301 2277 3450 2328 non
3500 2256 3743 2335 ideale
3793 2262 3873 2336 in
3918 2266 4175 2340 animo

963 2346 1088 2434 sit,
1141 2338 1272 2415 sed
1322 2362 1446 2412 res
1492 2350 1825 2422 externa,
1882 2336 2086 2425 visa,
2133 2350 2354 2432 atque
2407 2338 2550 2412 hoc
2603 2339 2824 2412 modo
2892 2345 3146 2421 illusio
3216 2355 3496 2429 mentis
3564 2363 3892 2454 exsistit,
3962 2369 4176 2462 quasi

774 2508 787 2525 .,
912 2449 923 2453 ’
964 2464 1085 2522 res
1136 2444 1325 2540 ipsa,
1381 2461 1571 2533 quae
1618 2434 1931 2509 realiter
1980 2435 2119 2525 sit,
2172 2438 2254 2510 in
2308 2438 2569 2512 animo
2623 2440 2978 2536 pariatur.
3084 2448 3293 2543 Quod
3345 2470 3603 2531 autem
3655 2465 4046 2561 cogitandi
4094 2471 4173 2542 vi

967 2561 1191 2640 atque
1243 2539 1540 2614 actione
1591 2535 1949 2624 efficitur,
2003 2560 2270 2612 revera
2320 2553 2432 2613 est
2483 2540 2779 2646 idem-a
2829 2544 3149 2640 ratione,
3198 2566 3285 2624 ut
3336 2556 3680 2634 Fichtius
3741 2563 3902 2660 ipse
3971 2583 4175 2644 recte

966 2641 1382 2731 constituit,
1429 2635 2131 2735 comprehendendo
2182 2652 2480 2725 exacta,
2531 2655 2604 2713 et
2655 2667 2703 2716 a
2752 2658 3006 2717 mente
3028 2648 3404 2740 firmata.
3508 2661 3729 2734 Ratio
3785 2666 3994 2741 enim
4047 2696 4174 2744 na-

966 2749 1295 2824 turalem
1355 2739 1473 2814 rei
1540 2737 1948 2811 materiem
2016 2737 2097 2811 in
2162 2741 2644 2837 spiritualem
2710 2745 3075 2821 transfert
3138 2764 3211 2824 et
3281 2759 3561 2833 mentis
3642 2764 4030 2845 formandi
4095 2772 4177 2845 vi

969 2847 1212 2925 efficit
1256 2864 1497 2919 unam
1547 2838 1933 2935 quandam
1980 2840 2398 2916 unitatem.-
2484 2845 2883 2929 Praeclare
2948 2848 3188 2954 etiam
3239 2855 3584 2935 Fichtius
3652 2890 3823 2939 rem
3885 2870 3994 2943 ita
4054 2870 4176 2947 de-

970 2960 1367 3037 monstrat,
1416 2955 1505 3017 ut
1551 2940 1724 3017 idea
1774 2940 1873 3016 sit
1922 2940 2271 3035 definitio
2321 2942 2712 3037 indefiniti
2766 2958 2842 3017 et
2894 2950 3230 3025 absoluti
3257 2953 3478 3051 Ego;
3533 2976 3753 3061 atque
3802 2969 3883 3043 id
3932 2997 4177 3046 unum

967 3057 1159 3150 Ego,
1207 3043 1645 3138 concipiens
1693 3067 1772 3116 se
1825 3042 2077 3135 ipsum
2131 3066 2222 3115 ac
2263 3042 2626 3119 definiens
2674 3046 3062 3122 infinitam
3122 3077 3345 3129 suam
3409 3075 3484 3132 et
3540 3069 3907 3145 asolutam
3969 3087 4178 3147 natu·

965 3174 1140 3228 ram
1189 3141 1617 3224 discernere
1664 3141 1952 3215 nitatur
2007 3140 2089 3216 in
2143 3139 2565 3236 definitum,
2630 3160 2707 3219 et
2753 3149 3121 3225 relatione
3180 3154 3578 3241 dialectica
3627 3167 3830 3243 inter
3893 3176 4176 3273 cogita-

969 3271 1143 3326 tum
1195 3261 1271 3322 et
1321 3243 1688 3341 cogitans,
1739 3240 1902 3315 sive
1956 3241 2157 3314 inter
2202 3241 2632 3320 absolutum
2698 3261 2773 3321 et
2834 3247 3234 3328 definitum
3299 3260 3461 3360 Ego
3524 3263 3820 3365 exorta,
3887 3274 4175 3352 limita-
4237 3337 4240 3338 γ

968 3370 1144 3428 tum
1194 3373 1274 3424 se
1323 3345 1649 3444 praestet
1715 3356 1790 3415 et
1854 3342 2069 3436 quasi
2121 3368 2216 3417 ex
2277 3369 2358 3419 se
2403 3361 2554 3420 un'o
2607 3353 2983 3442 multum,
3035 3355 3230 3451 quod
3291 3361 3391 3435 sit
3453 3363 3748 3464 ipsum,
3812 3393 4173 3472 procreet.

971 3450 1231 3548 Atqui*
1275 3447 1356 3522 id
1419 3441 1672 3541 ipsum
1738 3439 2022 3517 Fichtii
2089 3441 2479 3520 doctrinae
2535 3450 2864 3525 mirifice
2927 3478 3302 3555 magnum
3367 3481 3478 3539 est
3542 3470 4040 3564 judicandum
4104 3494 4175 3554 et

973 3577 1276 3650 semper
1325 3568 1624 3635 verum,
1663 3543 1807 3617 etsi
1863 3557 2149 3635 auctor,
2199 3547 2392 3641 quod
2445 3550 2648 3624 haud
2695 3553 3069 3653 abnegare
3133 3561 3407 3652 velim,
3467 3593 3613 3643 non
3678 3572 3785 3648 ita
3854 3602 4172 3676 prorsus,
4214 3607 4218 3614 ⁴

975 3671 1060 3730 ut
1123 3657 1281 3750 ipse
1343 3648 1656 3734 nititur,
1725 3658 1800 3718 et
1866 3669 1998 3717 nos
2066 3644 2287 3719 modo
2353 3646 3085 3746 demonstravimus,
3150 3683 3230 3733 se
3294 3662 3560 3757 ipsum-
3619 3680 4053 3774 conceperit
4103 3699 4177 3758 et

976 3755 1256 3837 nescio,
1308 3773 1404 3822 an
1452 3747 1545 3820 ab
1597 3744 2031 3841 aequalibus
2080 3747 2241 3841 jam
2293 3746 2403 3825 ita
2454 3751 2556 3824 sit
2607 3767 2998 3850 perceptus
3046 3759 3123 3828 et
3190 3756 3667 3856 dijudicatus.
3773 3772 4178 3860 connectit

973 3881 1153 3934 sane
1180 3851 1399 3926 ideae
1435 3846 1900 3944 principium
1945 3870 2126 3919 cum
2176 3848 2325 3921 fine
2373 3876 2427 3925 s.
2487 3865 2658 3925 actu
2709 3856 3146 3948 resultanti,
3197 3875 3274 3935 et
3325 3861 3433 3938 ita
3479 3867 3717 3947 efficit
3754 3871 4179 3968 absolxrtflffi

974 3958 1096 4030 vel
1149 3953 1405 4029 ideam
1451 3948 1824 4037 idearum,
1876 3948 2190 4022 unicam
2239 3949 2487 4047 ipsam
2538 3954 2800 4028 omnia
2847 3979 2986 4030 sua
3052 3958 3355 4061 singula
3424 3971 3721 4044 ratione
3780 3964 4176 4073 prol-rean-
4241 3995 4250 4004 “

973 4073 1162 4146 tem,
1210 4062 1464 4125 mente
1513 4047 2019 4121 continentem
2087 4062 2164 4123 et
2213 4065 2296 4123 ut
2356 4051 2620 4141 judice
2684 4053 2979 4129 interno
3028 4063 3538 4160 explicantem
3602 4098 3694 4148 ac
3753 4087 4174 4177 temperan-

974 4173 1156 4231 tem.
1270 4151 1432 4243 Qua
1484 4176 1579 4222 ex
1628 4173 1858 4223 causa
1912 4149 2150 4223 etiam
2200 4154 2362 4248 ejus
2412 4151 2792 4246 doctrina,
2837 4156 2922 4238 in
2971 4184 3120 4255 qua
3184 4163 3278 4239 ad
3349 4166 3549 4245 hanc
3612 4190 3907 4270 partem
3971 4210 4174 4284 pror-

974 4281 1100 4333 sus
1151 4253 1570 4354 perfectam
1629 4250 2088 4323 Kantianam
2139 4251 2676 4348 conspicimus,
2728 4281 2909 4332 vere
2959 4263 3339 4340 vocandus
3393 4282 3503 4343 est
3552 4270 4028 4377 ideali-rmus,
4075 4290 4172 4362 is-

974 4383 1120 4455 que
1156 4375 1347 4455 pure
1394 4349 1824 4439 rationalis,
1877 4349 2213 4424 nondum
2267 4352 2575 4446 quidem
2629 4356 3043 4452 absolutus;
3094 4376 3170 4436 et
3218 4368 3408 4460 quod
3459 4395 3652 4468 pura
3718 4383 3913 4456 ratio
3979 4389 4172 4461 nihil

976 4457 1128 4532 nisi
1190 4451 1514 4552 spiritus
1583 4451 1741 4549 ipse
1817 4450 2367 4546 quodammodo
2442 4455 2812 4547 definitus
2865 4474 3013 4548 est,
3091 4463 3289 4542 hanc
3356 4469 3741 4549 Fichtia-ni
3794 4481 4175 4563 idealismi

972 4546 1313 4635 formam
1360 4564 1564 4627 recte
1613 4548 2267 4650 spirituali-smum
2320 4557 2837 4650 appellaveris.
2941 4564 3373 4641 Notandum
3421 4587 3756 4652 ceterum
3824 4584 4174 4680 velimus,

975 4661 1057 4734 in
1118 4653 1626 4736 hochichtii
1683 4650 2230 4749 spiritualismo
2295 4655 2998 4756 Pythagoraeorum
3066 4680 3140 4738 et
3205 4671 3769 4752 Platonicorum
3829 4682 4034 4763 ideas
4100 4707 4174 4764 et

975 4756 1355 4859 praeclare
1391 4751 1767 4827 Leibnitii
1818 4751 2176 4828 monades
2227 4754 2382 4830 alia
2431 4771 2697 4833 tamen
2749 4761 3065 4854 ratione,
3119 4785 3350 4863 eaque
3396 4780 3927 4867 praestantiori
3954 4802 4052 4881 et,
4093 4806 4175 4863 ut

974 4865 1085 4936 ita
1134 4857 1418 4945 dicam,
1466 4852 1892 4948 purissima
1942 4854 2497 4948 spiritualitate
2545 4858 3089 4961 (Geis‘tigkeit)
3140 4884 3553 4965 emanatas,
3606 4878 3706 4954 iis
3750 4906 3992 4978 purae
4040 4913 4171 4962 na-

976 4953 2093 5046 turalitatis(Natiirlicbkeit)
2143 4959 2367 5053 plane
2418 4962 2843 5037 contrarias
2893 4968 3230 5061 conspici
3280 4994 3507 5064 posse.

1267 5051 1748 5127 Fridericum
1804 5053 2289 5127 Guilelmum
2354 5056 2769 5155 Josephum
2821 5060 3220 5158 Schelling·
3280 5077 3660 5168 optaveri,
3724 5106 3915 5176 quae
3975 5087 4168 5182 prio-
