4919 5890
2271 556 2476 660 23,

683 766 833 844 sibi
881 763 1245 864 sumpsit,
1308 762 1559 839 immo
1611 763 1693 842 in
1744 718 2386 859 disputationum,
2453 776 2576 856 ιιι,
2642 761 2949 841 videtur
3011 764 3261 840 lusu.
3301 762 3467 858 Quo
3523 773 3777 835 autem
3835 774 3907 835 et

685 882 969 967 quanto
1017 868 1353 965 stupore,
1396 864 1645 940 immo
1699 879 2001 965 torpore
2052 889 2293 959 mens,
2346 866 2468 941 sui
2521 864 2986 941 conscientia
3043 880 3328 959 exorta,
3383 878 3732 960 correpta
3783 863 3906 953 sit,

598 1050 608 1058 ,
685 970 1029 1050 Socratis
1079 968 1543 1066 exemplum·
1562 971 1870 1067 ejusque
1927 969 2399 1060 δαιμόνιον
2448 969 2669 1066 plane
2717 967 3198 1058 manifestat,
3264 980 3337 1043 et
3390 966 3591 1040 inter
3633 989 3907 1099 pmues

686 1075 873 1152 satis
923 1084 1239 1149 constat.
1342 1069 1602 1168 Itaque
1662 1084 1771 1145 est
1821 1071 2146 1163 factum,
2198 1082 2286 1144 ut
2332 1069 2522 1146 illud
2563 1070 2983 1168 Apollinis.
3023 1074 3304 1162 »γνῶθι
3345 1065 3649 1141 σαυτόν’*
3698 1094 3903 1145 sum-

684 1201 909 1252 mum
959 1169 1479 1290 philosophiae
1530 1186 1605 1248 et
1655 1171 2021 1291 sapientis
2074 1172 2627 1273 dignissimum
2678 1185 3174 1270 praeceptum
3231 1170 3690 1264 affirmaret,
3744 1194 3904 1244 om·
3922 1253 3928 1259 J

684 1303 964 1377 nesque
1025 1274 1502 1375 quaestiones
1573 1273 1667 1350 ad
1729 1275 1858 1349 sui
1926 1275 2166 1372 ipsius
2226 1275 2748 1376 cognitionem
2801 1287 3317 1366 converteret,
3373 1271 3663 1370 quippe
3715 1272 3903 1370 quod

684 1380 938 1457 omnis
990 1378 1315 1455 scientia
1369 1376 1766 1468 idearum,
1815 1401 1949 1452 seu
2001 1376 2185 1475 quid
2235 1402 2516 1455 verum
2565 1377 2852 1453 bonum
2905 1377 3464 1476 pulchrumque
3515 1374 3652 1466 sit,
3706 1372 3909 1450 haud

682 1484 763 1559 in
833 1481 1057 1557 rebus
1119 1478 1497 1571 inveniri,
1559 1479 1735 1555 sed
1756 1478 2123 1576 quoniam
2186 1479 2404 1557 nobis
2461 1480 2770 1555 innatae
2834 1494 3117 1572 essent,
3182 1476 3745 1553 reminiscendo
3818 1502 3909 1553 ac

681 1581 1131 1683 disputando
1185 1581 1518 1681 reperiri
1566 1595 1831 1680 posset.
1936 1582 2279 1658 Maximo
2341 1582 2584 1682 igitur
2650 1585 2821 1680 jure
2873 1606 3007 1656 suo
3062 1607 3250 1673 neu,
3303 1594 3388 1655 ut
3439 1580 3670 1678 vulgo
3721 1579 3909 1655 dici-

679 1702 830 1779 tur,
877 1685 1165 1760 ironice
1213 1684 1478 1777 modo,
1531 1684 1660 1761 sed
1711 1687 1837 1759 vel
1878 1682 2376 1757 severissime
2419 1683 2856 1760 dictitabat.
2923 1706 3074 1776 „se
3122 1682 3320 1757 nihil
3366 1679 3644 1771 scire,''
3697 1681 3906 1759 scili-

681 1803 804 1879 cet
852 1813 1074 1881 vere,
1127 1790 1400 1886 quippe
1455 1786 1587 1884 qui
1636 1813 1842 1864 nunc
1895 1786 2255 1880 demum,
2306 1788 2426 1862 sui
2480 1785 2953 1864 conscientia
3001 1811 3306 1879 exorsa,
3358 1783 3909 1883 emniscunque

608 1922 613 1925 ·
685 1888 900 1980 veri,
965 1889 1148 1965 boni
1212 1889 1666 1990 pulohrique
1732 1890 2142 1967 scientiam
2195 1913 2354 1965 esse
2405 1889 2957 1965 instituendam
3010 1901 3086 1962 et
3137 1884 3737 1986 comparandam
3789 1913 3906 1963 ar-

685 1989 1124 2064 bitraretur.
1232 1992 1469 2068 Viam
1523 2006 1824 2086 autem,
1894 2018 2044 2087 qua
2112 1991 2215 2067 ad
2260 2015 2531 2075 veram
2581 1994 2782 2079 hanc
2835 1991 3276 2066 scientiam
3295 1987 3696 2088 pervenire
3748 2014 3906 2087 pos-

686 2091 971 2183 simus,
1031 2091 1115 2167 in
1165 2093 1466 2164 ratione
1529 2106 1603 2164 et
1644 2095 1990 2166 oratione
2038 2091 2471 2208 ponendam
2533 2119 2693 2168 esse
2744 2090 3090 2189 putabat,
3169 2103 3246 2167 et
3293 2093 3438 2165 hoe
3491 2084 3712 2167 modo
3762 2102 3910 2162 ter-

685 2191 926 2282 tiam,
993 2215 1223 2288 quam
1278 2191 1618 2285 logicam
1674 2208 1748 2266 et
1799 2191 2290 2265 dialecticam
2357 2193 2529 2268 sive
2582 2192 2982 2289 cogitandi
3028 2207 3122 2268 et
3188 2191 3613 2264 disserendi
3660 2216 3734 2265 m
3738 2201 3906 2262 tem

686 2291 1131 2384 nominant,
1184 2291 1705 2391 philosophiae
1749 2291 2040 2370 duabus
2084 2293 2517 2392 prioribus,
2563 2310 2648 2372 ut
2700 2297 2848 2372 hac
2894 2297 3539 2396 conjungerentur
3585 2308 3660 2370 et
3713 2294 3910 2371 affir-

684 2408 1108 2487 marentur,
1160 2393 1508 2490 adjunxit
1555 2409 1877 2493 partem.

784 2524 791 2529 ’
858 2576 865 2581 -
981 2528 1175 2602 Illud
1227 2543 1493 2603 autem
1544 2529 1745 2600 mihi
1799 2526 2558 2624 praestantissimum
2623 2538 2700 2599 et
2759 2526 2982 2602 laude
3035 2538 3292 2602 nostra
3359 2523 3907 2625 dignissimum

683 2628 1028 2720 videtur,
1104 2630 1504 2705 Socratem
1574 2650 1840 2703 omnes
1904 2641 2013 2701 et
2036 2626 2333 2701 ethicas
2384 2637 2463 2699 et
2511 2625 2861 2742 politicas
2913 2630 3248 2724 artisque
3301 2627 3642 2702 notiones
3690 2626 3910 2701 redu·

684 2733 883 2807 xisse
939 2730 1034 2805 ad
1078 2730 1329 2823 ideas,
1389 2753 1585 2825 quae
1650 2752 1784 2802 suo
1857 2728 2177 2802 arbitrio
2245 2725 2326 2798 in
2395 2728 2693 2803 ratione
2747 2729 3057 2825 quidem
3108 2742 3182 2802 et
3232 2742 3487 2803 mente
3538 2728 3909 2820 oriantur,

687 2853 966 2908 verum
1062 2832 1285 2903 verbo
1355 2829 1621 2926 (λόγω)
1678 2827 1918 2926 quasi
2011 2815 2560 2943 inspiciantur,
2665 2855 2903 2925 eoque
2980 2829 3528 2926 comprehendi
3605 2830 3907 2926 possint.

687 2934 975 3031 Quibus
1039 2931 1267 3008 factis
1332 2945 1408 3008 et
1475 2929 2046 3048 quaestionibus
2112 2944 2187 3004 et
2250 2926 2888 3026 disputationibus
2939 2929 3534 3014 fundamentum
3581 2943 3911 3005 stratum

687 3049 838 3126 est,
894 3048 971 3109 et
1033 3033 1209 3108 finis
1276 3047 1351 3108 et
1416 3033 1685 3108 modus
1749 3031 1956 3108 vitae
2015 3030 2415 3109 communi
2468 3034 3001 3149 praescriptus.
3105 3033 3195 3109 ln
3239 3047 3495 3109 mente
3546 3032 3791 3133 igitur
3838 3044 3924 3106 et.

683 3136 983 3213 ratione
1034 3160 1451 3234 earumque
1503 3134 1930 3213 actionibus
1981 3133 2335 3233 quamvis
2374 3134 2801 3210 veritatem
2852 3137 3089 3235 sitam
3135 3157 3325 3227 esse,
3370 3134 3563 3210 haec
3613 3145 3728 3208 'est
3767 3133 3912 3207 mi-

684 3240 952 3316 rabilis
1005 3238 1197 3313 illud
1249 3239 1583 3314 mirifice
1638 3263 1685 3313 a·
1734 3227 2050 3313 Socrate
2101 3234 2406 3311 homini
2459 3235 2850 3314 vindicata
2902 3239 3227 3331 veritas,
3279 3259 3388 3312 ex
3451 3253 3597 3335 qua
3650 3259 3917 3313 omnes

687 3356 847 3467 post
899 3363 1084 3405 eum
1135 3340 1429 3404 sciendi
1482 3339 1909 3448 agendique
1957 3339 2273 3420 formas,
2320 3337 2524 3410 sicut
2576 3363 2671 3413 ex
2722 3339 2883 3438 sele
2928 3342 3183 3418 radios
3222 3339 3435 3415 exire
3460 3337 3913 3415 videbimus.

991 3464 1341 3540 Socrates
1406 3467 1878 3560 quamquam
1944 3486 2208 3539 omnes
2277 3435 2717 3540 eommunis
2792 3467 3002 3544 vitae
3064 3472 3352 3542 formas
3416 3474 3514 3543 ad
3577 3453 3916 3542 notiones

690 3578 769 3641 et
814 3561 1028 3640 ideas
1073 3562 1516 3656 reduxerat,
1579 3591 1710 3641 seu
1780 3564 1978 3662 quod
2043 3564 2275 3640 idem
2313 3580 2464 3657 est,
2530 3567 2860 3643 rationis
2920 3570 3350 3665 mentisque
3414 3569 3543 3645 vel
3595 3568 3921 3687 spiritus·

695 3681 1087 3748 concretas
1137 3669 1427 3766 species
1480 3666 1576 3742 ad
1624 3692 1862 3768 puras
1909 3667 2188 3750 mentis
2240 3666 2539 3758 actione
2590 3673 2921 3789 prolatas
2975 3674 3386 3761 extulerat,
3461 3679 3538 3744 e‘t
3588 3670 3696 3746 ita
3753 3693 3912 3744 rea-

691 3771 849 3841 lem
925 3768 1282 3869 spiritum
1359 3770 1462 3846 in
1511 3763 1842 3845 idealem
1909 3783 2381 3857 mutaverat,
2485 3772 2840 3848 omnium
2910 3789 3174 3850 autem
3240 3785 3314 3848 et
3379 3772 3770 3847 notionum
3842 3786 3917 3845 et

696 3866 1090 3945 actionum
1140 3891 1537 3949 summum
1591 3886 1695 3961 et
1716 3885 2154 3946 extremum
2208 3870 2313 3964 id,
2365 3872 2564 3966 quod
2608 3875 2968 3951 universe
3018 3882 3152 3952 seu
3204 3900 3386 3949 vere
3431 3874 3816 3965 bonum,
3773 3903 3822 3948 1.
3851 3899 3914 3947 e.

693 3969 876 4045 boni
926 3971 1124 4060 idea,
1177 3988 1253 4049 et
1300 3971 1591 4050 sciendi
1644 3983 1719 4050 et
1766 3974 2043 4074 agendi
2096 3974 2270 4051 finis
2318 3972 2439 4063 sit,
2500 3988 2883 4070 posuerat:
2937 3978 3154 4052 viam
3196 3991 3485 4066 tamen,
3539 3993 3686 4074 qua
3744 3976 3911 4053 idea

694 4072 773 4146 in
829 4076 1184 4153 membra
1234 4101 1375 4152 sua
1422 4073 1647 4173 quasi
1676 4075 2137 4174 explicanda
2203 4089 2276 4149 et
2344 4074 2597 4151 forma
2652 4075 3079 4156 definienda
3142 4092 3217 4153 et
3267 4079 3732 4176 explananda
3788 4082 3912 4172 sit,

690 4157 929 4249 haud
944 4177 1127 4253 satis
1176 4181 1384 4254 clare
1436 4203 1527 4253 ae
1580 4176 1934 4258 distincte
1987 4179 2467 4258 disseruerat.
2588 4179 2752 4274 Quo
2801 4180 3041 4259 etiam
3094 4180 3392 4258 factum
3453 4196 3599 4272 est,
3661 4198 3745 4255 ut
3798 4186 3910 4257 in·-

694 4292 814 4352 ter
893 4282 1055 4376 ejus
1144 4278 1554 4380 discipulos
1634 4281 2113 4357 acerrimum
2199 4277 2605 4354 dissidium
2683 4297 3228 4384 certamenque
3312 4284 3739 4358 exoriretur
3815 4285 3908 4357 de
4021 4361 4032 4386 x

698 4378 915 4498 ideae
960 4379 1220 4458 forma
1269 4407 1577 4480 eJusque
1629 4380 2127 4480 explicandae
2174 4382 2328 4461 via

997 4511 1396 4605 Megarici
1456 4519 1664 4592 enim
1734 4516 2198 4615 philosophi,
2277 4515 2616 4594 Socratis
2695 4530 3147 4612 sectatores,
3217 4518 3393 4594 honi
3460 4515 3715 4592 ideam
3779 4545 3911 4596 seu

698 4635 1097 4692 summum
1140 4611 1424 4691 bonum
1477 4643 1637 4694 esse
1685 4641 1965 4710 unum,
2032 4618 2256 4715 idque
2310 4619 2533 4695 modo
2588 4643 2747 4694 esse
2799 4633 2875 4692 et
2922 4623 3311 4696 continere
3364 4620 3609 4693 muIta
3664 4624 3913 4696 nomi.

700 4741 838 4808 na,
910 4733 997 4794 ut
1045 4717 1341 4810 Deum,
1407 4714 1746 4795 mentem
1813 4734 1955 4795 etc.
2021 4721 2584 4796 existimabant.
2686 4723 2852 4815 Qua
2903 4721 3117 4796 ideae
3166 4722 3330 4798 sive
3383 4721 3607 4797 unius
3658 4725 3912 4800 forma·

576 4837 581 4846 ·
699 4815 886 4893 illud
937 4821 1376 4898 Eleaticum
1435 4847 1678 4898 unum
1730 4821 1985 4897 redire
2037 4823 2592 4919 conspicimus,
2655 4821 2764 4898 ita
2817 4834 3115 4914 autem,
3184 4837 3270 4898 ut
3337 4851 3483 4899 nen
3552 4829 3906 4916 naturali,

700 4918 832 4995 sed
858 4921 1114 5002 ideali
1170 4923 1430 5016 modo,
1477 4950 1642 5000 non
1695 4924 2049 5015 realiter,
2092 4924 2222 4999 sed
2280 4924 2642 5002 idealiter
2680 4923 3065 5022 implicita
3115 4927 3448 5017 ratione,
3498 4940 3585 4999 ιιι
3636 4926 3776 4998 ita
3797 4924 3907 5001 di-

703 5044 921 5113 cam,
973 5024 1223 5119 logice
1271 5026 1670 5103 definitum
1727 5040 1803 5102 et
1851 5026 2494 5124 comprehensum
2543 5027 2684 5119 siu
2751 5040 2974 5122 atque
3023 5026 3105 5101 in
3151 5050 3232 5103 se
3283 5028 3444 5125 ipsa
3498 5025 3900 5101 reclusum.
