4919 5890
2318 518 2402 586 33

726 726 965 781 unam
1028 704 1500 804 eandemque
1567 729 1726 783 esse
1777 705 2284 787 scholasticos
2350 707 2859 800 contendisse,
2925 719 3000 780 et
3051 728 3317 780 eorum
3371 704 3800 782 doctrinam
3845 731 3958 781 or-

727 821 899 883 tam
945 831 1106 882 esse
1157 806 1460 905 duplice
1495 807 2050 905 quodammodo
2101 808 2402 901 radice,
2455 834 2550 883 ex
2597 806 2945 883 Ecclesia
2996 821 3082 882 et:
3131 806 3604 906 philosophia
3666 821 3954 900 vetere,

725 907 1216 1006 potissimum
1258 907 1803 987 Aristotelica.
1921 908 2315 985 Ecclesiae
2383 924 2643 987 autem
2711 908 3056 985 doctrina
3118 907 3403 985 coaluit
3468 934 3510 982 e
3574 909 3822 984 sacris
3866 911 3959 986 V.

728 1021 805 1082 et
846 1012 937 1083 N.
989 1011 1073 1082 T.
1137 1010 1442 1108 scriptis
1493 1025 1568 1085 et
1622 1010 2365 1107 Neoplatonicorum.
2481 1013 2743 1107 ltaque
2808 1010 3086 1109 primis
3152 1009 3391 1082 medii
3458 1011 3632 1085 aevi
3690 1010 3958 1087 aetati-

724 1108 867 1184 bus
919 1109 1375 1186 Scholastici
1454 1126 1529 1186 et
1589 1111 1915 1209 theologi
1985 1126 2060 1184 et
2109 1111 2533 1208 philosophi
2599 1113 2892 1187 ratione
2954 1112 3488 1209 Neoplatonica
3552 1111 3602 1184 i.
3656 1136 3718 1186 e.
3781 1134 3957 1210 my-

727 1209 953 1302 stica,
998 1225 1088 1305 >ut
1140 1215 1367 1311 vulgo
1421 1212 1754 1302 auditur,
1808 1226 1882 1285 et
1933 1211 2349 1286 docuerunt
2400 1227 2473 1285 et
2526 1213 2956 1287 doctrinam
3009 1212 3315 1310 scriptis
3360 1211 3841 1287 mandavere.
3895 1296 3896 1301 η

1030 1311 1179 1388 Ubi
1213 1327 1471 1389 autem
1502 1311 1934 1387 Aristotelis
1967 1313 2058 1387 ab
2089 1314 2478 1385 Arabibus
2508 1311 3152 1411 Hispaniensibus
3186 1315 3415 1389 allata
3446 1326 3663 1387 erant
3704 1338 3954 1411 opera,

732 1411 1277 1489 contenderunt
1327 1415 1694 1491 ecclesiae
1747 1412 2174 1489 doctrinam
2232 1413 2632 1489 dialectica
2698 1428 2772 1487 et
2821 1415 3068 1512 logica
3133 1429 3295 1491 arte
3361 1426 3437 1486 et
3503 1411 3821 1509 probare
3882 1427 3959 1489 et

735 1512 1147 1591 affirmare.
1252 1515 1539 1609 Quibus
1591 1513 1814 1590 rebus
1862 1514 2091 1589 factis
2146 1516 2348 1588 inter
2395 1515 2900 1590 scholasticos
2963 1517 3160 1613 ipsos
3220 1513 3625 1589 dissidium
3678 1528 3792 1590 est
3839 1540 3955 1590 or-

731 1624 943 1706 tum3
993 1615 1268 1713 quippe
1321 1640 1556 1713 quum
1604 1615 1739 1692 alii
1767 1615 2143 1713 «mystici,
2186 1615 2325 1690 alii
2379 1613 2771 1686 dialectici
2815 1640 2977 1690 esse
3028 1618 3327 1691 vellent.
3432 1615 3709 1708 lmmo,
3762 1614 3960 1714 quod

732 1737 916 1787 vere
982 1718 1250 1817 magni
1321 1731 1433 1794 est
1502 1715 1975 1807 habendum,
2039 1730 2214 1791 sun-t
2276 1715 2529 1790 moliti
2600 1714 3030 1790 doctrinam
3083 1716 3697 1814 Neoplatonicam
3741 1726 3956 1814 supe·

735 1839 911 1890 rare
961 1831 1183 1913 atque
1231 1837 1495 1892 eorum
1547 1819 1958 1893 sententias
2026 1820 2232 1898 nulla
2296 1817 2590 1892 ratione
2655 1816 3005 1913 probatas
3065 1820 3189 1891 vel
3253 1817 3702 1892 immediate
3766 1817 3957 1915 posi-

735 1929 853 1989 tas
904 1918 1379 2016 argumentis
1428 1917 1993 2015 rationibusque
2046 1916 2579 1992 demonstrare.
2699 1916 2859 2008 Quo
2928 1916 3173 1991 studio
3227 1916 3621 1992 neminem
3689 1942 3956 1993 eorum
4001 1920 4004 1927 ”

738 2014 1234 2109 dubitavisse,
1287 2020 1469 2115 quin
1524 2020 1861 2094 notiones
1912 2044 2065 2091 una
2118 2031 2192 2091 et
2243 2018 2491 2091 ideale
2542 2027 2618 2089 et
2678 2018 2885 2117 reale
2940 2031 3221 2109 essent,
3286 2016 3498 2092 nobis
3557 2018 3956 2093 celeberri-

740 2116 915 2192 mus
948 2119 1077 2194 ille
1128 2119 1552 2191 Anselmus·
1600 2119 2080 2215 praeclarum
2132 2116 2441 2214 praebet
2490 2114 2976 2214 exemplum(

1038 2221 1216 2295 Mnx
1267 2235 1525 2294 autem
1577 2219 1710 2295 illa
1762 2241 2049 2316 quoque
2103 2243 2283 2293 vere
2335 2241 2530 2292 nova
2576 2230 2650 2289 et
2702 2217 3161 2313 gravissima
3224 2219 3556 2314 quaestio
3621 2232 3732 2294 est
3793 2242 3955 2317 pro·

739 2325 903 2397 lata
949 2318 1032 2394 in
1086 2317 1456 2413 medium,
1508 2341 1733 2417 quam
1789 2334 1864 2392 et
1916 2333 2277 2416 quantam
2331 2317 2765 2394 realitatem
2831 2317 3160 2393 habeant
3223 2320 3562 2396 notiones
3614 2321 3960 2396 maxime
4015 2403 4027 2418 ,

742 2423 1241 2511 universales,
1291 2447 1475 2519 prae
1520 2420 1797 2496 ceteris
1849 2443 1895 2493 a
1944 2415 2489 2513 Dans-Scato.
2592 2417 2996 2494 Obtinebat
3040 2420 3250 2494 enim
3302 2418 3434 2496 hic
3487 2422 3614 2496 vir
3667 2436 3956 2514 acutus,

744 2524 1143 2598 notionum
1195 2524 1633 2598 realitatem
1665 2521 1885 2596 modo
1933 2519 2257 2591 idealem
2298 2544 2427 2594 seu
2456 2515 2884 2611 formalem
2935 2534 3011 2593 et
3055 2519 3522 2593 nominalem
3577 2546 3758 2613 esse,
3809 2523 3956 2598 nou'

744 2623 1031 2695 realem
1062 2646 1194 2697 seu
1246 2623 1709 2714 naturalem,
1764 2619 1956 2717 quod
2009 2632 2245 2716 quum
2298 2620 2377 2692 in
2432 2619 2720 2708 divina,
2775 2635 2944 2693 tum
2992 2619 3324 2696 humana
3356 2623 3611 2696 locum
3653 2637 3957 2700 teneant

745 2736 1030 2798 mente.
1135 2720 1373 2817 Cujus
1435 2722 1900 2796 contrariam
1964 2719 2476 2807 sententiam,
2528 2720 2867 2794 notiones
2927 2718 3230 2796 scilicet
3281 2734 3358 2795 et
3406 2725 3787 2799 naturales
3835 2729 3956 2801 vel

748 2825 831 2898 in
884 2835 1157 2897 natura
1202 2821 1537 2896 inveniri
1588 2824 1855 2919 posse,
1889 2820 2293 2917 praecipue
2347 2815 2682 2889 Thomas
2731 2817 3122 2915 Aquinate,
3189 2822 3493 2917 ejusque
3556 2837 3960 2902 sectatores
4057 2896 4061 2900 Α

745 2921 1259 3014 vindicabant.
1364 2922 1828 3021 Quapropter
1866 2921 1982 2996 illi
2034 2917 2608 2995 Nominalistae
2657 2924 2746 3016 (s.
2798 2918 3393 3028 Formalistae),
3443 2920 3528 2998 hi
3572 2922 3962 3001 Realistae

746 3023 1235 3125 appellantur.
1286 3061 1387 3076 —
3213 3051 3218 3058 ·

1048 3126 1267 3198 Nullo
1335 3129 1915 3218 sane'unquam
1982 3120 2167 3211 alio,
2232 3135 2454 3216 atque
2521 3119 2666 3196 hoc
2729 3124 2940 3212 loco,
3010 3121 3297 3196 clarius
3355 3122 3673 3203 fortasse
3735 3153 3956 3226 appa·

746 3228 906 3304 ruit
957 3225 1090 3299 illa
1140 3223 1336 3294 inter
1386 3245 1665 3290 novam
1719 3236 1793 3292 et
1846 3235 2183 3293 veterem
2231 3219 2596 3296 scientiae
2647 3220 2985 3298 formam
3028 3235 3192 3296 orta
3231 3221 3659 3322 disjunctio,
3713 3230 3958 3303 immo

753 3350 930 3412 veto
963 3323 1216 3396 hiatus
1261 3316 1476 3411 quasi
1530 3315 1732 3385 inter
1783 3311 2023 3384 ideale
2075 3324 2151 3381 et
2201 3321 2430 3397 reale,
2485 3320 2681 3388 inter
2711 3336 3046 3392 mentem
3099 3337 3172 3393 et
3225 3336 3615 3404 naturam!
3723 3331 3960 3425 Quae-

753 3426 1079 3505 stionem
1124 3418 1331 3494 enim
1392 3416 1623 3488 istam
1652 3412 1718 3485 si
1754 3408 2185 3484 accuratius
2214 3404 2730 3503 expendimus,
2779 3408 2968 3480 haec
2999 3421 3137 3477 est:
3191 3423 3559 3503 quantum
3592 3433 3961 3489 ree-mam

756 3524 1138 3603 naturales
1189 3542 1233 3593 a
1285 3530 1539 3590 mente
1603 3514 1684 3587 in
1739 3511 2093 3587 animum
2139 3509 2580 3595 translatae,
2648 3509 2781 3580 vel.
2818 3505 3129 3579 omnino
3199 3521 3567 3603 quantum
3620 3509 3965 3593 veritatis

756 3626 973 3703 ideae
1022 3623 1104 3696 in
1158 3621 1417 3695 animo
1470 3627 1767 3692 exortae
1816 3610 2289 3700 contineant3
2359 3634 2457 3682 an
2509 3608 2750 3682 reales
2799 3626 2950 3681 una
2994 3619 3070 3679 et
3119 3604 3433 3700 ideales,
3499 3623 3629 3683 aut
3690 3610 3964 3686 ideales

758 3724 981 3804 modo
1032 3722 1222 3811 sint3
1288 3732 1361 3793 et
1420 3717 1489 3792 si
1534 3716 1687 3791 sint
1738 3713 2015 3788 ideales
2066 3724 2365 3786 tantum
2431 3707 2689 3800 modo,
2755 3721 3124 3806 quantum
3187 3708 3532 3786 veritatis
3581 3708 3664 3785 id
3725 3710 3967 3796 ideale

755 3832 1009 3929 ipsum
1058 3819 1487 3898 contineat?
2897 3908 2914 3925 ⁶
3161 3823 3184 3924 ,'
3751 3831 3758 3838 ·
3917 3815 3924 3832 ¹

1060 3922 1241 3998 Fuit
1282 3920 1523 4016 igitur
1571 3909 2417 3999 demonstrandilocus,
2469 3908 2836 4006 quomodo
2893 3936 2971 3982 m
3026 3921 3324 3982 notnone
3363 3910 3525 3985 sive
3563 3911 3736 3989 idea
3765 3917 3965 3996 reale

762 4044 838 4110 et
889 4026 1136 4103 ideale
1187 4022 1592 4114 conjuncta
1639 4019 1825 4104 sint,
1896 4015 2009 4086 vel
2075 4024 2441 4107 quantum
2510 4011 2808 4084 valeant
2859 4009 3074 4082 ideae
3126 4007 3207 4081 in
3259 4025 3513 4085 mente
3547 4027 3635 4085 ·et
3681 4016 3962 4106 animo,

764 4148 839 4206 et
886 4140 1256 4225 quantum
1322 4122 1402 4196 in
1466 4138 1729 4192 rerum
1797 4126 2109 4204 natura,
2171 4110 2540 4206 quomodo
2608 4110 2926 4206 denique
3002 4106 3175 4183 idea
3253 4111 3709 4209 subjectiva,
3751 4111 3963 4214 'q‘ua‘e

752 4249 1165 4307 summum
1228 4235 1303 4298 et
1338 4232 1802 4295 ‚extremum
1857 4216 1973 4285 vel
2044 4210 2255 4307 quasi
2319 4211 2496 4285 finis
2565 4225 2881 4286 naturae
2944 4209 3239 4308 agentis
3300 4211 3480 4304 est,¹
3513 4214 3778 4291 eadem
3841 4217 3964 4306 sn,

770 4357 860 4409 ac
911 4324 1356 4423 subjectiva,
1407 4345 1597 4416 quae
1644 4315 1755 4392 est
1807 4311 2311 4412 principium,
2362 4336 2490 4386 seu
2543 4314 2887 4409 primum
2931 4314 3222 4387 unum?
3324 4314 3805 4405 Quaestiones
3855 4313 3974 4412 s'a-

766 4460 890 4522 ne,
940 4454 1156 4526 quae,
1200 4423 1479 4510 dubito,
1525 4442 1709 4493 num
1741 4428 1996 4491 nostro
2041 4429 2378 4510 tempore
2426 4414 2586 4509 jam
2643 4437 2939 4513 prorsus
2972 4412 3123 4487 sint
3169 4412 3472 4488 solutae.
3533 4437 3538 4448 ·
3575 4416 3711 4488 Est
3759 4418 3970 4502 enim
4051 4453 4072 4464 -

768 4535 902 4611 hic
954 4534 1160 4605 locus
1212 4519 1648 4599 mehercule
1695 4539 2067 4593 cacumen
2119 4512 2333 4610 quasi
2383 4511 2793 4589 idealitatis
2846 4528 2938 4587 et-
2970 4528 3272 4587 summo
3325 4514 3684 4614 acumine
3730 4517 3967 4615 philo-

740 4630 1075 4734 gsophico
1126 4650 1304 4701 vere
1354 4622 1651 4723 dignus.
1757 4613 2209 4693 Scholastici
2259 4627 2512 4690 autem
2571 4637 2802 4709 quum
2859 4616 3261 4712 explanare
3309 4637 3487 4688 eum
3532 4641 3680 4692 non
3722 4635 3969 4717 potue-

773 4737 972 4822 rint,
1038 4728 1179 4804 etsi
1243 4721 1606 4824 permulti
1666 4740 2021 4794 summae
2073 4715 2270 4791 aciei
2319 4716 2606 4789 fuerint
2656 4714 2850 4809 viri;
2913 4729 3175 4790 tamen
3227 4713 3362 4790 illa
3413 4715 3625 4793 ideae
3666 4717 3968 4793 dissolu-

774 4836 884 4909 tio
936 4847 1011 4907 et
1050 4828 1287 4907 sectio
1339 4822 1555 4924 quasi
1606 4821 1804 4896 hanc
1861 4818 2139 4928 mentis
2184 4816 2504 4900 excessit
2556 4816 2805 4894 aciem
2859 4829 2930 4890 et
2980 4827 3315 4987 capgm,
3625 4827 3630 4850 ³
