4919 5890
2320 553 2410 624 47

741 758 955 836 ribus
994 758 1513 857 philosophiae
1544 757 1849 835 'formis
1910 757 2467 853 desiderantur,
2540 758 2750 837 nobis
2821 759 3039 857 plane
3102 760 3436 840 absoluta
3499 779 3950 865 praestaret3

742 886 963 951 eum,
1044 864 1174 959 qui
1243 860 1586 957 primum
1653 860 1963 956 quidem
2030 862 2289 939 divino
2356 862 2683 962 quodam
2733 860 3065 965 impulsu
3115 888 3208 940 ac
3259 867 3516 941 furore
3563 868 3829 944 Kantii
3878 882 3952 959 et

744 963 1032 1040 Fichtii
1079 963 1403 1063 vestigia
1450 987 1800 1058 sequens,
1856 983 2031 1037 mox
2084 980 2342 1039 autem
2396 967 2586 1041 haec
2632 964 3053 1039 desiderata
3118 967 3277 1064 ipse
3335 982 3556 1044 acute
3620 970 3950 1046 sentiens

742 1089 824 1143 se
876 1066 1158 1139 avertit
1212 1090 1256 1138 a
1309 1063 1578 1163 logicis
1630 1088 1720 1138 ac
1769 1063 2198 1141 dialecticis
2239 1067 2404 1142 sive
2457 1068 2551 1141 ab
2604 1066 2774 1139 idea
2822 1067 2903 1139 in
2965 1092 3148 1163 puro
3194 1067 3582 1166 spirituali
3624 1084 3822 1147 statu
3874 1084 3951 1145 et

746 1165 1076 1242 advertit
1126 1164 1219 1240 ad
1274 1179 1585 1239 naturae
1650 1164 2204 1263 philosophiam
2254 1170 2377 1241 vel
2437 1168 2534 1243 ad
2592 1166 3207 1265 investigandam
3277 1169 3533 1244 ideam
3599 1173 3680 1246 in
3739 1186 3950 1246 natu-

743 1266 889 1343 rali
940 1267 1213 1356 forma,
1262 1289 1493 1362 quam
1548 1264 1890 1340 Fichtius
1943 1293 2121 1342 sane
2172 1270 2608 1366 reliquerat,
2662 1283 2736 1343 et
2782 1283 3078 1366 tempus
3131 1270 3384 1367 ipsum
3422 1275 3813 1370 postulare
3876 1285 3951 1345 et

748 1370 843 1446 ad
886 1366 1475 1465 antecipandum
1526 1391 1937 1464 provocare
1986 1369 2404 1446 videbatur.
3916 1423 3924 1431 -

2084 1462 2105 1469 ,-

1045 1468 1330 1563 Quibus
1380 1468 1852 1543 naturalibus
1898 1482 1969 1541 et
2023 1472 2391 1545 naturalis
2458 1470 2973 1569 philosophiae
3021 1466 3291 1545 studiis
3342 1496 3516 1548 eam
3568 1470 3717 1546 sibi
3756 1468 3954 1568 apud

748 1570 1093 1666 aequales
1162 1581 1637 1668 posterosque
1713 1592 2106 1643 summam
2181 1573 2495 1646 laudem
2575 1572 2911 1668 paravit,
2975 1568 3174 1668 quod
3239 1594 3386 1646 non
3458 1575 3704 1666 solum
3791 1572 3951 1669 ipse

747 1670 1037 1761 docuit,
1112 1695 1255 1766 quo
1322 1683 1597 1745 natura
1660 1668 2017 1744 rationali
2082 1672 2300 1745 modo
2368 1673 2839 1771 inspicienda
2902 1673 3002 1747 sit
3064 1686 3139 1745 et
3195 1674 3769 1769 perscrutanda,
3822 1672 3951 1747 sed

744 1771 1039 1847 ratione
1091 1772 1253 1866 ipsa
1304 1786 1660 1846 naturam
1711 1795 1897 1846 cum
1947 1787 2201 1847 mente
2253 1772 2515 1848 divina
2566 1776 3048 1871 conjunctam
3102 1798 3345 1847 unum
3408 1775 3760 1872 idemque
3825 1772 3950 1847 ab-

742 1875 1077 1947 solutum
1136 1873 1567 1961 constituit,
1641 1873 1913 1972 quippe
1977 1875 2172 1970 quod
2223 1874 2523 1972 duplice
2571 1877 2857 1965 solum,
2918 1874 3249 1949 naturali
3290 1875 3598 1971 quidem
3666 1888 3738 1948 et
3802 1873 3950 1971 spi-

743 1973 1036 2063 rituali,
1088 1997 1218 2047 seu
1270 1974 1462 2049 reali
1507 1986 1582 2045 et
1633 1973 1862 2047 ideali
1910 1976 2206 2048 ratione
2268 2000 2348 2048 se
2409 1976 2664 2072 ipsum
2727 1975 3030 2050 nonnisi
3095 1998 3337 2048 unum
3404 1975 3757 2071 idemque
3824 2000 3951 2047 ex·-

747 2074 996 2172 plicet.
1078 2076 1271 2146 'Hoc
1314 2096 1558 2147 unum
1609 2074 2053 2162 absolutum,
2105 2074 2198 2147 ab
2228 2099 2312 2147 eo
2353 2075 2705 2147 absoluta
2734 2074 3141 2145 Idenditas
3171 2098 3228 2148 s.
3263 2071 3950 2174 Indzfferentiaap-

748 2177 1022 2274 pellata
1069 2216 1177 2231 —
1228 2171 1428 2248 haud
1480 2173 1921 2268 aptissimae
1975 2174 2489 2270 philosophiae
2539 2172 2931 2249 vocesl—
2960 2187 3072 2248 est
3113 2188 3372 2249 autem
3400 2197 3714 2247 summa
3752 2172 3951 2263 idea,

748 2299 899 2352 non
948 2299 993 2348 a
1047 2287 1313 2349 natura
1365 2275 1751 2345 abstracta
1800 2297 1982 2351 sane
2032 2287 2108 2349 et
2154 2300 2367 2372 pura,
2419 2288 2504 2348 ut
2545 2274 2858 2366 Fichtii,
2909 2300 3183 2350 verum
3230 2289 3577 2349 concreta
3648 2276 3806 2367 vel,
3871 2287 3955 2346 ut

748 2378 910 2475 ipse
964 2377 1312 2472 appellat,
1365 2374 1775 2471 Spinozam
1824 2374 2173 2450 maxime
2221 2400 2574 2473 sequens,
2650 2375 2921 2450 divina
2973 2387 3254 2449 natura
3305 2391 3702 2450 natamus.
3805 2375 3956 2447 Ex»

746 2477 1238 2578 plicationem
1298 2488 1565 2550 ‘autem
1631 2475 1857 2572 hujus
1920 2477 2147 2571 unius
2217 2476 2429 2552 ideae
2496 2478 3038 2576 imperfectam
3103 2502 3196 2573 ac
3266 2479 3751 2575 potissimum
3829 2474 3952 2549 ab·

745 2577 1052 2656 stt-actis
1130 2576 1430 2653 aliunde
1498 2576 1915 2672 desumptis
1977 2578 2337 2652 formulis
2412 2579 2844 2653 institutam
2912 2578 3375 2674 judicaveri3
3442 2594 3517 2652 et
3582 2575 3958 2676 quomodo

749 2680 921 2754 idea
978 2679 1099 2751 sui
1158 2678 1394 2772 ipsius
1460 2677 1894 2773 cognitione
1954 2699 2033 2748 se
2096 2678 2351 2771 ipsum
2416 2677 2800 2750 discernat
2863 2692 2938 2749 et
3001 2679 3450 2752 universum
3490 2694 3858 2774 procreet,
3912 2702 3952 2752 e

750 2774 1286 2851 demonstratis
1349 2772 1533 2868 ipsis
1599 2773 1733 2844 vix
1796 2773 2000 2847 clare
2053 2798 2142 2848 ac
2206 2773 2558 2848 distincte
2622 2775 3142 2871 perspiciatur.
3287 2777 3616 2850 Omnino
3695 2793 3954 2852 autem

750 2879 914 2975 ejus
962 2871 1057 2947 de
1107 2872 1277 2948 idea
1328 2886 1404 2948 et
1454 2871 1848 2947 idealismo
1901 2873 2104 2945 notio
2148 2897 2381 2969 quam
2420 2874 2686 2952 adbuc
2738 2874 3171 2970 aequalibus
3210 2877 3630 2966 mandavit,
3677 2892 3990 2951 manca

698 2977 701 2988 '
747 2976 1075 3063 videtur,
1127 2972 1337 3070 quod=
1369 2973 1709 3070 primum
1762 2975 2104 3048 maxime
2155 3000 2248 3048 ex
2296 2976 2457 3070 ejus
2511 2976 2601 3049 de
2655 2988 2817 3049 arte
2864 2974 3199 3072 placitis,
3267 2977 3518 3074 iisque„
3565 2978 3729 3052 fere
3791 2978 3953 3050 Pla·-

740 3078 1060 3165 tonieis,
1136 3074 1447 3148 omnino
1518 3087 1777 3148 autem
1854 3099 1896 3148 e
1961 3074 2265 3171 scriptis
2345 3075 2503 3150 suis
2578 3076 2764 3172 ipsis
2836 3076 3360 3174 perspiciatur.
3490 3079 3650 3174 Quo
3717 3077 3956 3153 etiam

748 3180 1054 3255 factum
1102 3188 1237 3265 est,
1280 3188 1363 3247 ut
1391 3174 1617 3248 unius
1655 3170 1871 3248 ideae
1919 3175 2082 3250 sive
2110 3177 2457 3250 Absoluti
2508 3177 3095 3273 explicationem
3150 3205 3288 3255 nec
3340 3179 3695 3257 rationali
3737 3177 3957 3254 modo

746 3279 1207 3366 institutam,
1258 3276 1379 3347 vel
1431 3299 1510 3348 se
1562 3277 1811 3368 ipsam
1861 3289 2386 3369 exponentem,
2436 3302 2577 3350 nec
2610 3278 2948 3374 singulas
3001 3279 3207 3353 ideas
3258 3307 3352 3354 ex
3379 3309 3529 3356 uno
3574 3306 3713 3356 nec
3744 3296 3958 3357 natas

748 3404 890 3457 nec
943 3386 1338 3452 nascentes
1384 3386 1459 3446 et
1496 3398 1649 3445 una
1692 3374 2054 3447 continua
2114 3374 2310 3447 serie
2355 3375 2763 3470 ordineque
2796 3390 2926 3448 aut
2976 3396 3510 3472 promanantes
3538 3383 3959 3457 videamus.

956 3525 961 3532 -
1043 3472 1415 3549 Omnibus
1463 3472 1585 3547 his
1636 3472 1838 3546 haud
1889 3497 1982 3548 ne
2040 3471 2208 3563 atis,
2263 3487 2520 3549 tamen
2574 3473 3032 3547 concedatur
3084 3491 3158 3548 et
3210 3479 3645 3554 affirmetur
3693 3481 3812 3554 fas
3848 3496 3959 3555 est

750 3591 828 3656 et
873 3589 1188 3676 oportet,
1232 3572 1794 3671 Schellingium
1841 3597 1926 3647 su
2019 3597 2187 3648 mas
2237 3573 2756 3672 philosophiae
2788 3574 3273 3669 quaestiones
3309 3578 3667 3677 tetigisse,
3717 3603 3957 3676 neque

748 3681 1004 3777 ipsum
1046 3674 1383 3775 tetigisse
1434 3687 1772 3765 tantum,
1837 3698 2112 3748 verum
2177 3675 2364 3750 alios
2430 3676 2671 3750 etiam
2733 3673 3126 3770 impulisse
3189 3691 3263 3750 et
3323 3702 3587 3753 omnes
3645 3681 3957 3753 omnino

750 3777 1108 3858 scientias
1159 3801 1250 3850 ac
1293 3775 1629 3850 notiones
1682 3773 2147 3873 promovisse
2202 3776 2534 3871 aliosque
2587 3775 2682 3850 ad
2726 3775 3269 3872 promovendos
3320 3779 3740 3856 suscitasse.
3816 3783 3957 3855 Ne·
4045 3831 4057 3844 ae

722 3875 915 3978 ‘que
946 3878 1205 3952 minus
1252 3875 1743 3951 idealismum
1793 3901 2118 3972 quoque,
2187 3876 2328 3950 etsi
2382 3876 2477 3948 ad
2531 3876 2954 3949 absolutam
3007 3891 3081 3951 et
3131 3879 3555 3976 perfectam
3618 3881 3956 3956 formam

754 3984 912 4078 ipse
965 4003 1111 4054 non
1172 3976 1536 4067 attulerit,
1587 3990 1846 4051 tamen
1898 3977 2134 4066 viam,
2167 3975 2676 4072 'corripiendo
2712 3975 2955 4051 ideale
3013 3990 3091 4050 et
3155 3981 3360 4053 reale
3425 3981 3508 4056 in
3553 4005 3797 4056 unum
3849 3983 3959 4057 id-

753 4105 896 4179 que
960 4080 1423 4168 absolutum,
1492 4075 1588 4151 ad
1650 4079 1811 4173 ejus
1871 4076 2417 4178 perfectionem
2486 4077 2866 4175 aperuisse
2941 4087 3018 4150 et
3077 4080 3456 4157 stravisse.
3593 4082 3959 4158 Perfectio

754 4196 1015 4266 autem
1070 4181 1230 4277 ipsa
1285 4192 1358 4251 et
1409 4175 1773 4253 absolutio
1824 4201 2005 4252 sane
2057 4177 2328 4252 relicta
2378 4192 2489 4251 est
2540 4179 2735 4270 viro,
2782 4177 3020 4253 nostri
3053 4183 3421 4279 temporis
3463 4208 3767 4260 summo
3798 4209 3958 4258 ma·

752 4283 1107 4377 ximoque
1157 4277 1626 4376 philosopho:

1047 4378 1383 4470 Geor-gio
1436 4376 1831 4451 Guilelmo
1883 4374 2285 4450 Frederico
2333 4375 2621 4472 Hegel,
2675 4379 2805 4474 qui
2857 4403 3005 4455 non
3058 4382 3279 4456 modo
3333 4397 3486 4457 tres
3538 4383 3718 4455 illas.
3760 4382 3957 4455 Kan-

754 4483 1001 4562 tianas
1080 4493 1371 4578 partes,
1446 4478 1576 4554 sed
1653 4478 1892 4553 etiam
1967 4477 2462 4576 physicorum
2525 4483 2894 4553 veterum'
2941 4480 3559 4577 simplicitatem,
3630 4482 3960 4557 Platonis

756 4596 1003 4656 artem
1049 4578 1540 4657 dialecticam
1606 4591 1687 4653 et·
1755 4577 2380 4674 amplitudinem,
2442 4578 2875 4654 Aristotelis
2941 4586 3331 4654 notionum
3397 4581 3960 4657 concretionem

755 4696 826 4758 et
886 4681 1492 4768 distinctionem,
1555 4679 1922 4779 Spinozae
1984 4680 2504 4754 excelsitatem
2582 4694 2655 4753 et
2735 4679 3057 4775 denique
3107 4682 3483 4758 Leibnitii
3540 4694 3616 4756 et
3676 4683 3958 4758 Fichtii

754 4782 1389 4882 spiritualitatem,
1442 4803 1583 4855 nec
1635 4804 1783 4855 non
1834 4777 2290 4880 schellingii
2337 4794 2656 4857 naturae
2707 4780 3260 4883 cognitionem5
3318 4825 3417 4842 --
3472 4805 3733 4859 omnes
3782 4806 3960 4858 sane

755 4885 834 4958 in
880 4907 963 4978 ‚se
1016 4906 1162 4956 uno
1217 4878 1510 4980 colligit
1559 4879 2116 4978 conjungitque.
3479 4927 3488 4934 ·
3547 4927 3560 4933 -
3635 4927 3640 4930 -

1045 4981 1219 5055 Idea
1265 4982 1429 5076 ejus
1478 4981 1723 5059 studio
1776 4980 2233 5080 gravissimo
2286 5005 2375 5055 ac
2422 4977 3015 5077 profundissimo
3068 5007 3271 5061 nunc
3321 4981 3635 5060 demum
3702 5006 3782 5058 se
3850 4982 3960 5081 ip:

752 5103 916 5157 sam
963 5089 1139 5154 vere
1190 5078 1598 5180 cognoscit,
1648 5082 1996 5180 percipit,
2039 5080 2367 5180 explicat
2418 5095 2492 5155 et
2544 5080 3180 5181 cognoscendam,
3256 5083 3826 5185 percipiendam
3880 5101 3950 5158 et
