4919 5890
1333 1453 1998 1627 PARS
2121 1450 3350 1629 SECUNDA.

1695 2044 1915 2183 DE
2016 2032 3004 2155 IDEALISMO.·

738 2316 1186 2437 Omnium,
1263 2367 1456 2440 quae
1506 2346 1857 2441 cognosci
1906 2356 2248 2441 possunt,
2330 2364 2602 2418 rerum
2664 2357 2739 2418 et
2803 2343 3249 2422 divinarum
3311 2357 3384 2420 et
3438 2345 3954 2422 humanarum

734 2449 1060 2528 scientia
1111 2441 1779 2523 circumscribitur
1829 2468 1877 2520 a
1926 2439 2444 2542 philosophiae
2479 2444 2882 2519 ambitu’et
2920 2449 3081 2543 ejus
3118 2448 3197 2522 vi
3230 2447 3679 2537 continetur.
3759 2447 3950 2523 Tan-

732 2567 905 2627 tum
955 2564 1217 2623 tamen
1264 2547 1455 2620 haec
1509 2543 1755 2632 abest,
1834 2557 1916 2619 ut
1984 2558 2228 2621 totam
2276 2543 2783 2621 scientiarum
2837 2571 3230 2623 summam
3284 2548 3432 2623 sibi
3483 2549 3952 2647 proposuerit

736 2647 1327 2738 enucleandam,
1405 2659 1724 2718 ut··cum
1775 2646 2120 2745 singulae
2170 2669 2437 2720 rerum
2504 2647 2843 2722 notiones
2895 2650 3508 2747 cognitionesque
3561 2650 3641 2723 in
3698 2650 3951 2724 animo

736 2752 1075 2835 hominis
1136 2744 1284 2823 non
1349 2744 1773 2843 philosophi
1839 2746 2053 2841 quasi
2118 2745 2433 2842 disjecta
2500 2747 2726 2821 totius
2792 2748 3191 2845 cujusdam
3244 2749 3595 2823 membra
3647 2752 3956 2825 ‘volvan-¹

741 2867 907 2945 tur,
949 2853 1231 2925 horum
1282 2848 1485 2920 inter
1532 2870 1693 2920 sese
1745 2846 2383 2921 necessitudinem
2435 2871 2525 2920 ac
2577 2851 3130 2944 sempiternum
3189 2850 3502 2945 spiritus
3559 2848 3958 2925 vinculum

630 2951 633 2958 '
741 2953 1091 3051 exquirat
1167 2963 1243 3024 et
1306 2947 1806 3039 demonstret,
1875 2962 2133 3044 atque,
2197 2947 2747 3044 comprehensa
2800 2950 3002 3024 inter
3051 2950 3387 3050 singulas
3439 2971 3706 3022 rerum
3753 2951 3956 3049 cogi-

741 3055 1060 3130 tationes
1110 3074 1241 3127 seu
1293 3048 1762 3147 cognitiones
1814 3049 2172 3124 rationali
2225 3048 2556 3145 quadam
2610 3064 2686 3123 et
2735 3049 3155 3126 universali
3202 3049 3567 3139 scientia,
3621 3048 3958 3148 singulas

740 3167 1192 3232 connnectat
1252 3165 1328 3225 et
1385 3149 1684 3251 redigat
1752 3149 1834 3224 in
1886 3149 2266 3249 quendam
2331 3151 2556 3223 unius
2624 3149 2852 3226 totius
2905 3150 3271 3240 scientiae
3324 3164 3400 3224 et
3450 3153 3832 3247 perfectae
3886 3165 3959 3225 et

742 3259 1120 3334 absolutae
1182 3252 1568 3341 ordinem,
1664 3275 1893 3346 quem
1961 3251 2260 3328 Graeco
2328 3250 2640 3325 nomine
2704 3264 3058 3348 systema
3127 3253 3529 3349 appellant.
3635 3252 3797 3325 Non
3845 3264 3957 3327 est

674 3415 682 3423 .
745 3360 986 3456 igitur
1029 3355 1345 3430 difficile
1395 3353 1785 3425 intellectu
1833 3352 2251 3425 discrimen
2304 3352 2530 3445 hujus
2579 3351 2985 3441 scientiae,
3071 3377 3304 3448 quam
3349 3348 3949 3448 philosophicam

736 3461 911 3533 sive
954 3447 1520 3547 Philosophiam
1572 3473 2097 3546 nuncupemus
2140 3464 2216 3523 et
2268 3449 2476 3522 illius
2527 3452 2928 3522 communi
2982 3452 3186 3524 vitae
3242 3451 3614 3547 propriae.
3711 3496 3716 3501 -

1044 3551 1316 3627 Omnis
1363 3549 1715 3640 omnino,
1763 3562 1850 3622 ut
1897 3574 2127 3648 supra
2174 3547 2708 3646 cognovimus,
2773 3548 3095 3623 scientia
3147 3554 3287 3624 etsi
3336 3552 3499 3645 jam
3544 3548 3813 3626 idealis
3861 3552 3963 3626 sit

753 3659 916 3733 sive
962 3652 1419 3748 subjectiva,
1485 3651 1566 3724 in
1633 3674 1781 3746 qua
1843 3675 1964 3725 res
2016 3651 2223 3749 ipsae
2275 3649 2507 3723 ideali
2561 3645 2782 3721 modo
2811 3655 3263 3747 'praesentes
3311 3663 3524 3740 sunt,
3595 3650 3796 3726 hanc
3847 3664 3958 3728 ta·
4084 3710 4088 3714 ·

754 3784 934 3834 men
982 3754 1337 3849 existimo
1384 3773 1649 3826 rerum
1703 3748 2169 3826 idealitatem
2218 3748 2764 3848 praestantiore
2813 3748 3140 3846 quodam
3191 3776 3410 3826 sensu
3466 3775 3554 3824 ac
3584 3752 3754 3846 jure
3794 3752 3959 3847 phi·

753 3856 1180 3957 losophicae
1241 3852 1605 3928 scientiae
1668 3851 1983 3927 attribui
2047 3852 2325 3944 licere,
2391 3850 2663 3947 quippe
2716 3847 2911 3945 quod
2955 3851 3446 3947 'potissimum
3496 3851 3642 3926 hoc
3695 3851 3962 3928 altiore

753 3960 873 4038 sui
936 3954 1172 4054 ipsius
1232 3951 1599 4030 scientiae
1660 3964 1860 4027 statu
1922 3977 2186 4026 rerum
2254 3951 2658 4031 translatio
2715 3975 2758 4023 e
2821 3951 3156 4026 sensuali
3208 3952 3289 4027 in
3342 3950 3834 4043 rationalem,
3918 3979 3961 4027 e

754 4058 947 4137 reali
998 4056 1083 4130 in
1131 4052 1462 4130 idealem
1511 4050 1826 4126 modum
1875 4066 1950 4127 et
1998 4053 2216 4148 quasi
2267 4076 2536 4127 earum
2579 4050 3312 4126 transsubstantiatio
3361 4051 3508 4137 (sit
3539 4051 3764 4126 venia
3795 4079 3962 4127 ver-

751 4160 936 4256 bol)
984 4153 1453 4256 percipiatur
1505 4179 1681 4228 vere
1732 4166 1808 4227 et
1857 4149 2348 4252 intelligatur.
2452 4154 2686 4226 Recte
2731 4149 2993 4249 igitur-
3022 4151 3389 4227 Platonici
3444 4177 3533 4226 ac
3586 4152 3966 4268 Peripate-

652 4334 661 4346 ,
756 4261 900 4337 tici
949 4254 1394 4346 censebant,
1456 4252 1864 4329 scientiam
1916 4276 2182 4327 veram
2254 4275 2631 4348 nusquam
2683 4274 2846 4325 esse
2898 4251 3048 4325 nisi
3105 4254 3184 4327 in
3240 4251 3486 4327 animi
3541 4265 3964 4346 mentisque

762 4356 1218 4437 motionibus
1266 4381 1357 4431 ac
1408 4353 1866 4443 rationibus,
1948 4367 2020 4427 et
2073 4350 2415 4430 veritatis
2466 4351 2844 4448 judicium
2899 4376 3044 4427 non
3101 4354 3248 4428 nisi
3302 4353 3383 4425 in
3434 4350 3556 4426 his
3606 4373 3802 4438 esse,
3879 4352 3961 4425 in

760 4460 1101 4543 sensibus
1148 4478 1309 4530 esse
1361 4478 1509 4528 non
1562 4477 1789 4549 posse.
1907 4453 2199 4529 Omnis*
2230 4469 2490 4532 autem
2552 4449 3126 4549 philosophandi
3178 4452 3374 4528 ratio
3428 4450 3590 4522 sive
3640 4446 3960 4545 philoso-

763 4563 982 4665 phia,
1028 4580 1218 4654 quae
1268 4556 1468 4629 hanc
1518 4551 1845 4627 idealem
1895 4567 2108 4628 retur
2157 4581 2315 4631 esse
2365 4577 2635 4628 veram
2679 4550 3126 4642 scientiam,
3178 4573 3369 4647 quae
3399 4546 3646 4622 oritur
3697 4575 3790 4624 ex
3839 4575 3960 4625 co-

763 4657 1095 4767 gitandis
1144 4651 1801 4753 intelligendisque
1850 4653 2074 4730 rebus
2125 4655 2207 4731 in
2260 4657 2502 4752 iisque
2555 4665 2937 4744 versatur,
2990 4647 3310 4740 idealis,
3355 4648 3473 4721 vel
3526 4645 3958 4730 idealisticiz

765 4765 953 4854 sive,
1000 4770 1088 4834 ut
1134 4779 1282 4831 uno
1330 4752 1560 4829 verbo
1608 4765 1819 4845 utar,
1870 4751 2346 4829 Idealismus
2393 4749 2859 4829 nominanda
2903 4764 3035 4826 est.
3162 4749 3414 4843 Quum
3467 4760 3726 4825 autem
3776 4747 3958 4825 una-

766 4884 1099 4963 quaeque
1164 4852 1630 4954 philosophia
1685 4853 1833 4930 hac
1896 4870 2142 4932 nostra
2205 4854 2641 4932 definitione
2692 4876 2842 4946 non
2904 4850 3054 4926 nisi
3124 4849 3389 4925 idealis
3464 4872 3621 4926 esse
3690 4848 3958 4946 possit3

766 4965 1006 5041 facile
1048 4954 1539 5055 perspicitur,
1616 4977 1742 5029 eass
1786 4952 2336 5055 philosophias,
2397 4979 2589 5052 quae
2642 4951 3047 5052 praecipue
3087 4963 3163 5025 et
3203 4951 3654 5048 ‘plerumque
3698 4946 3956 5022 ideali·
