4919 5890
2543 549 2623 619 18

966 763 1292 829 stratum
1359 766 1488 827 est.
1616 748 1799 846 Quis
1852 771 2031 848 ergo
2087 764 2236 840 est,
2305 751 2434 847 qui
2508 754 2868 844 miretur,
2936 754 3069 834 ubi
3138 754 3578 847 audiverit,
3628 756 4194 859 Pythagoraeos

969 879 1327 934 numeros
1363 868 1456 930 ‘et
1505 851 2013 954 geometricas
2064 853 2346 951 figuras
2396 856 2656 952 prima
2698 878 2961 929 rerum
3027 881 3192 932 esse
3245 869 3324 932 et
3373 860 3802 934 necessaria
3854 863 3978 935 vel
4028 863 4190 957 ejus

966 954 1477 1037 constantiam
1529 970 1604 1030 et
1654 952 2190 1049 stabilitatem,
2245 967 2375 1029 aut
2415 956 2792 1034 Eleaticos
2828 956 3267 1053 obtinuisse,
3317 960 3444 1049 „to
3485 954 3569 1029 ὃν
3605 959 3686 1030 τὸ
3726 957 3802 1053 ²¹²!
3840 965 3958 1030 καὶ
3998 965 4192 1045 πῶς’

969 1063 1021 1138 i.
1073 1086 1136 1137 e.
1166 1058 1700 1135 ‘substantiam
1753 1057 1920 1131 sive
1973 1080 2107 1130 ens
2158 1056 2461 1131 nonnisi
2513 1079 2751 1131 unum
2795 1071 2874 1132 et
2921 1072 3172 1133 totum
3225 1082 3388 1136 esse
3440 1083 3589 1133 non
3645 1061 3920 1158 posse?
4005 1061 4208 1157 Quis·

964 1162 1320 1260 deinceps
1382 1185 1533 1237 non
1585 1155 1849 1235 statim
1898 1157 2304 1257 percipiat,
2373 1157 2578 1256 quid,
2616 1161 2998 1235 voluerint
3054 1161 3383 1238 Eleatici
3443 1159 3828 1254 docentes,
3866 1178 4198 1260 ‚praeter

968 1290 1102 1342 ens
1147 1289 1394 1341 unum
1445 1276 1533 1349 et⁸
1580 1274 1828 1337 totum
1882 1258 2082 1333 nihil
2138 1285 2378 1356 neque
2424 1285 2609 1351 esse,
2662 1287 2904 1359 neque
2954 1289 3114 1340 esse
3165 1288 3413 1364 posse,
3460 1261 3755 1359 quando
3808 1264 4196 1343 intellexe-

965 1369 1098 1460 rit,
1153 1366 1305 1444 nisi
1357 1362 1776 1443 substantia
1828 1361 1978 1436 alio
2030 1362 2319 1458 quovis,
2370 1388 2520 1437 uno
2567 1376 2642 1436 et
2686 1376 2862 1453 toto,
2902 1363 3300 1441 diffiniatur
3356 1388 3448 1440 ac
3479 1364 4195 1464 comprehendatur,

965 1469 1225 1574 omnia
1276 1492 1575 1567 prorsus
1602 1464 2070 1542 discrimina
2138 1488 2229 1539 ac
2295 1461 2762 1541 differentias
2827 1467 2910 1541 in
2963 1492 3053 1544 ea
3107 1462 3267 1544 esse
3316 1466 3609 1543 sublata
3660 1480 3734 1542 et
3780 1466 3865 1544 in
3915 1493 4196 1566 puram

967 1572 1205 1672 ipsius
1256 1569 1709 1646 indiscretae
1758 1566 2097 1642 formam
2147 1565 2560 1642 dissoluta?
2605 1616 2612 1623 ·
2665 1566 2955 1643 Eodem
3001 1570 3225 1646 modo
3278 1568 3482 1645 nihil
3508 1569 3820 1647 *clarius
3870 1594 4031 1646 esse
4081 1573 4197 1648 vi·
4307 1565 4318 1575 ’

970 1676 1226 1764 detur,
1277 1696 1511 1770 quam
1568 1668 2267 1771 Pythagoraeorum
2308 1668 2722 1758 sententia,
2771 1694 3131 1748 numeros
3183 1695 3344 1748 esse
3394 1694 3513 1747 res
3562 1670 3805 1770 ipsas,
3853 1672 3989 1746 ubi
4036 1698 4195 1749 me-

972 1774 1477 1868 minerimus,
1542 1794 1897 1849 numeros
1964 1771 2209 1847 simul
2272 1784 2661 1847 concretas
2727 1797 2991 1848 rerum
3057 1774 3392 1866 formas,
3461 1772 3538 1850 i..
3568 1801 3633 1850 e.
3699 1797 3972 1850 rerum
4037 1800 4202 1852 esse

972 1876 1356 1981 principia
1407 1872 1681 1972 (ἀρχαί)
1729 1896 1852 1948 eos
1903 1872 2270 1959 voluisse,
2318 1898 2561 1969 neque
2599 1898 2949 1971 ruuquam
3002 1900 3288 1954 vacuas
3341 1888 3417 1952 et
3464 1873 3557 1950 ab
3609 1875 3832 1949 omni
3867 1878 4243 1956 materia·

975 1980 1433 2070 abstractas,
1502 2000 1694 2074 quae
1762 1999 1945 2050 sane
2011 1974 2110 2049 iis
2178 1972 2517 2049 monstra
2585 1975 2835 2050 videri
2873 1975 3289 2056 debebant.
3389 1976 3556 2072 Quo
3607 1978 3846 2053 etiam
3898 1979 4200 2055 factum

974 2094 1128 2176 est,
1191 2095 1279 2155 ut
1323 2080 1531 2163 Plato
1597 2077 1910 2152 illorum
1975 2099 2329 2151 numeros
2400 2077 2540 2151 sub
2591 2076 2940 2155 idearum
2983 2078 3236 2157 forma
3282 2079 3746 2180 perciperet,
3816 2097 4201 2160 assecutus

976 2184 1570 2286 Pythagoraeos,
1622 2180 1754 2279 qui
1800 2201 2235 2254 numerum·
2265 2176 2577 2254 divinae
2627 2194 2940 2256 naturae
2984 2206 3145 2259 esse
3193 2180 3812 2282 praecipiebant,
3853 2196 3931 2258 et
3977 2176 4201 2263 Elea-

974 2287 1210 2376 ticos,
1278 2284 1410 2380 qui
1455 2307 1719 2356 omnes
1768 2304 1891 2354 res
1942 2279 2244 2355 nonnisi
2294 2306 2445 2354 uno
2496 2306 2586 2356 ac
2639 2296 2792 2357 toto
2845 2282 3192 2378 definire,
3266 2284 3494 2381 idque
3545 2309 3723 2360 vere
3773 2309 3906 2360 ens
3954 2311 4201 2365 unum
4295 2313 4302 2320 ·

981 2394 1074 2465 ac
1121 2399 1370 2461 totum
1420 2406 1713 2459 rerum-
1743 2381 2251 2458 substantiam
2306 2405 2467 2455 esse
2520 2383 3097 2477 contendebant,
3150 2388 3458 2461 exclusa
3508 2385 3724 2459 omni
3774 2387 4203 2465 multitudi·
4277 2460 4284 2463 .

980 2515 1099 2568 ne.
1199 2484 1586 2581 Quomodo
1636 2483 1958 2581 denique
2006 2482 2247 2559 etiam
2299 2481 2471 2557 fieri
2524 2484 2916 2581 potuisset,
2969 2499 3051 2560 ut
3104 2513 3146 2560 e
3197 2486 3454 2583 prima
3508 2484 4205 2568 indefinitauuita·

980 2600 1102 2685 te,
1150 2587 1199 2673 ἡ
1243 2587 1470 2679 πρώτη
1511 2583 1725 2677 μονάς
1776 2584 2022 2678 dicta,
2086 2582 2352 2659 emnia
2403 2584 2714 2663 definita
2779 2588 3302 2664 evolverentur
3349 2610 3851 2664 numerorum
3913 2589 4204 2686 ordine,

979 2708 1058 2772 et
1104 2690 1672 2769 revolverentur
1718 2686 1802 2763 in
1847 2688 2187 2787 primam
2233 2683 2715 2764 indefinitam
2766 2688 3170 2783 unitatem,
3220 2688 3373 2765 nisi
3423 2713 3790 2766 numerus
3833 2689 3996 2787 ipse
4030 2693 4204 2769 sub-

982 2791 1361 2874 stantialis
1413 2816 1545 2865 seu
1596 2791 1824 2889 realis
1877 2789 1970 2865 ab
2022 2789 2143 2867 his
2195 2788 2659 2888 philosophis
2711 2807 3100 2892 perceptus
3147 2793 3416 2870 esset?
3517 2794 3688 2869 Hac
3737 2791 4036 2870 ultima
4086 2794 4206 2873 ni·

984 2897 1277 2978 mirum
1339 2891 1420 2968 vi
1492 2917 1584 2970 ac
1645 2905 2007 2992 potestate
2081 2891 2511 2995 praeditam
2589 2893 2947 2971 obscurus
3023 2895 3155 2970 ille
3225 2892 3350 2971 sed
3447 2919 3631 2970 vere
3721 2893 4207 2996 philosophus

984 2993 1447 3076 Heraclitus
1512 2993 2092 3095 comprehendit
2126 2994 2689 3085 substantiam,
2762 2994 3272 3093 obtinuitque,
3340 2995 3662 3070 eandem
3727 3019 3971 3091 neque
4018 3023 4204 3091 esse,

987 3128 1230 3199 neque
1282 3122 1431 3171 non
1485 3120 1684 3189 esse,
1756 3094 1889 3171 sed
1937 3095 2141 3186 fieri3
2217 3119 2358 3190 quo
2411 3095 2711 3168 factum
2772 3110 2924 3186 est,
2986 3111 3075 3172 ut
3134 3119 3312 3171 eam
3368 3096 3507 3171 sub
3560 3095 4210 3196 fluminismoqc)

987 3203 1239 3307 specie
1291 3194 1874 3289 demonstraret,
1927 3210 2026 3287 et,
2079 3194 2272 3293 quod
2320 3196 2648 3287 mirum,
2701 3196 2848 3272 hac
2900 3196 3063 3295 ipsa
3117 3199 3367 3296 specie
3422 3212 3497 3272 et
3545 3193 3775 3288 reale,
3827 3196 4020 3294 quod
4073 3224 4206 3276 no-
4273 3245 4292 3258 ··

987 3304 1492 3394 minavimus,
1545 3313 1620 3373 et
1671 3296 1918 3374 ideale
1964 3297 2048 3372 in
2098 3322 2343 3371 unum
2387 3296 2736 3395 quidem,
2788 3324 2881 3373 ex
2932 3325 3076 3396 quo
3124 3314 3536 3400 utrumque
3588 3298 3915 3390 exstitit,
3962 3300 4204 3379 denuo

990 3411 1415 3489 coalescere
1468 3400 1858 3495 videmus3
1933 3422 2209 3475 verum
2273 3400 2417 3474 hoc
2467 3425 2712 3476 unum
2764 3401 2970 3477 haud
3017 3400 3155 3478 sub
3202 3399 3442 3480 chaus
3493 3401 3786 3500 specie,
3854 3398 3981 3476 sed
4035 3403 4205 3477 sub·

990 3510 1319 3593 stantiae
1369 3501 1789 3602 explicatae
1837 3516 1911 3578 et
1957 3500 2405 3594 dissolutae,
2462 3504 2680 3600 cujus
2729 3516 2992 3581 autem
3048 3504 3506 3581 discrimina
3558 3528 3708 3580 non
3758 3504 4206 3598 constantia,

991 3615 1123 3694 sed
1182 3613 1391 3688 fluxa
1440 3605 1835 3683 Heraclito
1906 3603 2405 3696 videbantur;
2481 3603 3070 3704 unumquodque
3142 3606 3388 3703 igitur
3465 3603 3994 3705 comprobavit
4051 3629 4205 3683 non

992 3743 1192 3809 οδω,
1259 3737 1392 3791 seu
1458 3734 1591 3806 per
1648 3732 1730 3783 se
1794 3718 2177 3797 constare,
2248 3704 2386 3780 sed
2445 3704 2659 3796 fleri,
2726 3706 2900 3800 sive&
2939 3730 3181 3783 unum
3234 3706 3316 3782 in
3371 3710 3702 3784 alterum
3750 3706 4083 3783 transire
4132 3723 4207 3787 et

986 3819 1254 3896 fluere.
1354 3806 1634 3905 Quodsi
1680 3808 1792 3882 ita
1833 3804 2186 3882 distincte
2238 3818 2313 3879 et
2362 3803 2712 3883 universe
2758 3805 3232 3899 obtineatur,
3295 3805 3513 3885 ideae
3575 3809 3813 3910 ipsius
3863 3826 4209 3888 constan-

946 3921 1105 3998 -tia
1156 3927 1480 4020 negatur
1529 3932 1833 3987 necesse
1882 3920 2017 4002 est,
2068 3919 2144 3996 et
2184 3909 2269 3983 in
2318 3905 2676 4000 visiones,
2724 3921 2810 3984 ut
2857 3906 3156 3985 factum
3208 3923 3346 4003 est,
3395 3924 3932 3988 commutetur.

1296 4016 1383 4093 Si
1430 4011 1600 4112 quis
1651 4036 1696 4088 a
1748 4009 1988 4103 nobis,
2035 4010 2179 4086 hoc
2232 4007 2750 4109 philosophiae
2799 4035 3025 4088 cursu
3076 4027 3405 4111 peracto,
3431 4015 3633 4092 scire
3665 4023 3976 4111 cuperet
4003 4008 4208 4088 idea·

991 4119 1210 4200 lismi
1257 4118 1646 4213 bucusque
1676 4112 2056 4212 explicati
2109 4124 2526 4205 momenta,
2571 4110 2762 4189 haec
2819 4109 3211 4207 habemus,
3263 4141 3456 4213 quae
3506 4116 3960 4193 diceremus.
4063 4114 4211 4214 Py.

993 4225 1355 4325 thagoras
1407 4222 1714 4318 ejusque
1771 4214 2125 4312 discipuli
2182 4211 2668 4304 studuerunt,
2734 4215 3094 4313 quidquid
3148 4241 3414 4292 rerum
3457 4216 3920 4295 universitas
3968 4215 4209 4293 conti·

996 4339 1215 4417 neat,
1271 4320 1409 4401 sub
1480 4316 1710 4392 unius·
1772 4315 2117 4416 redigere
2178 4314 2699 4390 definitionem
2778 4331 2890 4390 et·
2927 4340 3193 4394 omnes
3264 4320 3728 4397 substantiae
3796 4316 4053 4408 modae
4119 4307 4204 4382 in

993 4449 1241 4505 unum
1296 4420 1672 4523 quoddam
1726 4430 1976 4493 totum
2041 4416 2699 4514 comprehendere.
2848 4418 3050 4494 Tum
3113 4417 3195 4493 id
3255 4421 3407 4495 tale
3476 4445 3675 4515 esse,
3742 4419 3959 4512 quale
4024 4433 4206 4483 vere

997 4551 1288 4618 unum,
1354 4524 1518 4601 sive
1582 4543 1820 4596 unum
1887 4533 2370 4609 concretum,
2439 4532 2515 4592 et
2577 4542 2736 4594 sese
2799 4518 3052 4617 ipsum
3097 4543 3484 4617 *movens5
3579 4545 3676 4596 ex
3725 4518 3886 4613 ejus
3948 4523 4207 4585 autem

986 4627 1427 4708 evolutione
1480 4649 1572 4703 ac
1622 4622 2061 4698 definitione
2112 4646 2258 4722 non
2315 4646 2674 4696 numeros
2734 4619 3001 4713 medo,
3073 4622 3204 4698 sed
3258 4622 3541 4725 figuras
3604 4619 3865 4721 etiam·
3905 4635 4208 4714 geome-

999 4732 1240 4810 tricas
1307 4728 1795 4826 potissimum
1857 4723 2259 4814 exsistere,
2324 4723 2709 4799 actionem
2776 4735 3037 4797 autem
3113 4724 3362 4822 ipsam
3440 4720 3861 4799 secundum
3936 4712 4211 4793 triadis

1005 4833 1353 4911 maxime
1403 4828 1740 4929 speciem
1794 4850 1885 4902 ac
1937 4839 2299 4902 naturam
2350 4825 2525 4901 fieri
2577 4848 2882 4901 necesse
2933 4849 3094 4900 esse
3143 4824 3879 4901 demonstraverunt.
3965 4915 3970 4922 .
4009 4817 4211 4891 Pura

1001 4938 1198 5016 haec
1242 4932 1530 5035 placita
1581 4945 1732 5007 non
1784 4926 2067 5004 mentis
2114 4927 2409 5018 solum,
2488 4926 2619 5003 sed
2671 4925 2914 5002 etiam
2968 4940 3287 5003 naturae
3338 4953 3501 5002 esse
3551 4923 3757 5001 haud
3807 4918 4212 5019 quisquam

1000 5035 1440 5139 negaverim
1490 5033 1821 5134 quonam
1876 5043 2139 5107 autem
2187 5027 2413 5104 modo
2467 5030 2606 5106 sub
2662 5042 2981 5105 naturae
3027 5027 3282 5129 specie
3332 5043 3416 5106 et
3453 5027 3643 5106 fiant
3690 5041 3769 5103 et
3814 5020 3978 5099 sint
4018 5020 4212 5099 diffi-
