4919 5890
2322 560 2407 630 41

728 772 810 849 id
876 796 1017 848 nec
1079 765 1519 845 Le1bn1t1us
1537 820 1561 860 ‚
1625 791 1866 867 neque
1926 765 2139 843 alius
2187 766 2590 867 quisquam
2657 767 2840 843 satis
2906 763 3598 856 demonstraverit,
3632 768 3774 846 'nec
3828 760 3948 846 de-

729 864 1207 950 demonstret.
1312 868 1560 963 Quam
1629 869 1944 946 eandem
2000 869 2547 946 obscuritatem
2600 866 2924 944 involvit
2989 869 3178 945 haec
3234 869 3611 953 Leibnitii
3657 886 3947 949 seuten-

727 975 863 1067 tia,
920 972 1278 1048 monades
1334 982 1549 1045 natas
1601 985 1678 1046 et
1727 997 1772 1046 a
1820 968 2003 1045 Deo
2033 973 2466 1071 progenitas
2506 980 2667 1047 esse
2715 985 2790 1046 et
2840 970 3054 1045 nasci
3106 996 3239 1068 per
3300 972 3695 1070 continuas
3753 975 3948 1050 divi-

729 1076 992 1153 nitatis
1043 1070 1606 1190 fulgurationes.
1664 1072 1914 1166 Quis,
1968 1071 2314 1162 obtestor,
2364 1089 2499 1164 est,
2541 1073 2683 1169 qui
2735 1074 2940 1145 bunc
2991 1073 3298 1146 nodum
3327 1075 3617 1152 solvat?

1022 1176 1111 1249 Ῑιι
1163 1172 1533 1248 altissimo
1584 1197 1764 1272 ergo
1817 1172 2286 1290 intelligibili
2339 1174 2570 1249 fundo
2624 1174 2893 1248 idealis
2945 1187 3019 1246 et
3082 1174 3312 1247 realis
3366 1175 3710 1248 hiatum
3697 1200 3944 1275 aper·-

719 1292 889 1353 tum
943 1274 1478 1374 conspicimus,
1529 1289 1603 1348 et
1655 1274 2036 1349 concretio
2089 1274 2251 1373 ipsa
2301 1275 2810 1374 superficialis
2857 1288 3164 1390 apparet
3206 1274 3342 1348 sub
3400 1266 3782 1351 monadis
3773 1302 3940 1375 spe-

719 1381 863 1455 cie.
963 1377 1175 1451 Nihil
1224 1399 1403 1450 sane
1454 1400 1691 1471 neque
1742 1376 2198 1468 Leibnitius,
2253 1401 2393 1451 nee
2444 1378 2681 1452 ceteri
2713 1375 2872 1449 duo
2887 1376 3040 1449 viri
3070 1377 3731 1495 praestantissumi
3736 1382 3941 1454 clam

717 1480 1089 1555 disserunt
1146 1474 1239 1550 de
1302 1476 1723 1552 constantia
1788 1476 2140 1551 idearum
2212 1491 2286 1550 et
2352 1479 2758 1576 generibus
2824 1464 2985 1550 sive
3057 1476 3482 1552 notionibus
3550 1481 3940 1559 universa-

712 1581 911 1657 lium
965 1577 1563 1653 substantiarum
1619 1590 1693 1651 et
1740 1578 2177 1695 monadum,
2232 1579 2396 1651 sine
2449 1579 2717 1675 quibus
2772 1580 2982 1654 nulla
3034 1602 3155 1652 res
3210 1604 3347 1652 nec
3396 1594 3741 1657 constare
3793 1600 3936 1657 'nec

710 1682 1126 1782 perdurare
1180 1692 1453 1776 potest,
1523 1677 1707 1775 quin
1770 1679 2008 1754 etiam
2071 1678 2453 1754 Leibnitii
2522 1681 2802 1777 placita
2868 1680 3031 1753 fere
3103 1682 3575 1777 contrariam
3642 1674 3936 1761 senten·

702 1785 903 1857 tiam
958 1802 1280 1879 arguere
1329 1778 1700 1852 videntur.
1783 1782 2019 1856 Haec
2072 1790 2146 1854 et
2196 1782 2447 1856 multa
2491 1782 2644 1856 alia
2700 1766 3223 1856 desiderantur
3285 1794 3542 1877 atque
3574 1807 3733 1883 esse
3805 1809 3933 1858 no-

708 1883 827 1961 bis
878 1879 1267 1960 solvenda
1286 1880 1554 1954 relicta
1607 1878 2163 1957 existimamus.
2234 1922 2241 1929 ·
3585 1912 3618 1927 ·-
3685 1932 3720 1938 f·
3887 1932 3910 1942 -

992 1978 1318 2094 Quodsi
1357 1981 1595 2054 etiam
1660 1980 1773 2054 ita
1837 1997 1987 2073 est,
2056 1983 2448 2056 neminem
2527 1981 2750 2055 credo
2799 1981 3182 2053 fortasse
3210 1993 3696 2079 negaturum
3747 2000 3929 2069 esse,

710 2109 846 2160 nos
893 2082 1173 2156 horum
1219 2079 1811 2153 triumvirorum
1861 2107 2041 2155 sane
2091 2064 2606 2196 philosophiae
2659 2081 2978 2155 heroum
3013 2077 3281 2177 studiis
3329 2095 3548 2175 atque
3583 2079 3930 2194 operibus

709 2184 909 2261 nihil
958 2179 1373 2279 quidquam
1426 2204 1572 2253 non
1620 2181 2015 2276 profectos
2043 2205 2200 2253 esse
2254 2181 2347 2255 ad
2399 2180 2607 2275 illius
2659 2180 3129 2256 aeternitatis
3195 2168 3314 2279 vel
3368 2180 3714 2256 veritatis
3765 2179 3927 2253 fon-

710 2302 894 2360 tem.
932 2278 1389 2396 -Conl'eras,
1440 2300 1734 2377 quaeso,
1770 2281 1972 2357 hunc
2009 2281 2392 2355 idealismi
2443 2296 2728 2360 statum
2779 2305 2961 2361 cum
3014 2281 3148 2356 illo
3182 2282 3532 2380 priorum
3553 2293 3928 2371 aetatum,

690 2403 787 2461 ‘et
835 2402 911 2460 te
962 2381 1427 2479 experientia
1478 2379 1791 2495 docebit.
1907 2384 2027 2456 De
2078 2380 2459 2455 nonnullis
2513 2384 2687 2458 aliis
2738 2383 2962 2481 idque
3012 2385 3241 2482 vulgo
3306 2386 3528 2480 pleno
3573 2376 3715 2454 ore
3765 2406 3927 2480 pro-

710 2487 886 2563 latis
934 2482 1321 2558 idealismi
1379 2479 1653 2555 nostri
1676 2480 1997 2573 formis,
2062 2484 2442 2625 prioribus
2516 2484 2861 2559 maxime
2924 2485 3268 2601 cognatis
3333 2478 3720 2561 nonnihil
3759 2502 3926 2580 pro-

710 2587 1080 2663 nunciare
1132 2580 1380 2659 adhuc
1423 2597 1777 2680 superest.
3601 2634 3608 2637 -

1013 2680 1510 2760 Cartesianae
1561 2682 1763 2763 haud
1811 2681 2269 2753 dissimilem
2326 2674 2711 2777 quandam
2764 2682 3151 2757 idealismi
3205 2678 3537 2783 speciem
3591 2681 3928 2758 instituit

709 2783 1035 2857 Nic-olas
1082 2778 1643 2871 malebranche,
1694 2779 2034 2854 sacerdos
2088 2795 2161 2853 et
2214 2782 2413 2855 inter
2466 2781 2728 2858 Gallos
2771 2804 3248 2883 magnopere
3298 2784 3645 2858 laudatus
3686 2784 3926 2880 philo'·

712 2886 1006 2984 sophus.
1107 2885 1306 2957 Nam
1361 2876 1691 2957 Cartesii
1745 2880 2090 2956 doctrina
2143 2879 2331 2955 bene
2383 2883 2796 2973 institutus,
2835 2904 3024 2966 eam
3077 2886 3236 2981 ipse
3290 2883 3384 2958 ad
3438 2905 3674 2958 unam
3746 2906 3928 3013 sane

708 2999 1007 3086 partem
1064 2990 1462 3084 promovit.

878 3137 887 3144 -
1008 3077 1261 3157 Deum
1318 3081 1507 3155 dicit
1559 3102 1716 3153 esse
1766 3083 2140 3171 omnium,
2190 3106 2382 3180 quae
2413 3083 2591 3173 sint,
2623 3073 3305 3184 perfectionem—
3355 3081 3459 3175 id,
3490 3082 3684 3190 quod
3719 3109 3927 3190 com-

711 3197 1140 3261 memoratu
1192 3208 1371 3256 vere
1423 3181 1741 3278 dignum
1794 3181 2154 3299 videtur,
2188 3197 2292 3241 ἑ-
2336 3197 2412 3257 et
2465 3209 2601 3281 per
2651 3187 2907 3259 Deum
2933 3198 3288 3259 constare
3313 3198 3392 3258 et
3434 3209 3591 3260 esse
3627 3183 3927 3268 animas

713 3302 1028 3377 creataS,
1071 3278 1479 3378 omnesque
1514 3282 1862 3377 spiritus3
1917 3307 2074 3356 esse
2131 3282 2373 3382 igitur
2419 3284 2671 3357 instar
2719 3285 2874 3359 loci
2919 3285 3394 3382 spirituum,-
3418 3299 3493 3358 et
3544 3290 3702 3383 ejus
3757 3289 3925 3363 sub-

710 3390 1073 3463 stantiam
1139 3406 1404 3457 eorum
1453 3405 1612 3455 esse
1677 3382 2244 3479 intelligibilem
2310 3383 2724 3471 mundum,
2791 3388 2873 3458 in
2928 3405 3068 3479 quo
3129 3386 3300 3474 sint,
3358 3387 3624 3461 vivant
3673 3405 3761 3463 et
3811 3389 3927 3462 vi-

712 3490 957 3565 deant.
1061 3485 1343 3560 Omnes
1391 3507 1541 3572 res,
1592 3504 1782 3576 quae
1838 3482 2438 3580 modificationes
2491 3483 2776 3556 infiniti
2828 3483 3093 3579 (spatii
3147 3487 3279 3574 sc.)
3322 3484 3512 3574 sint,
3578 3511 3706 3582 per
3767 3488 3925 3561 ide-

713 3614 795 3688 as
846 3590 926 3664 in
978 3587 1140 3662 Deo
1194 3579 1372 3659 esse.
1477 3581 1759 3656 Ideam
1792 3573 2049 3657 autem
2105 3608 2263 3658 esse
2326 3581 2708 3680 objectum
2779 3583 3324 3686 immediatum
3396 3587 3712 3678 mentis,
3757 3588 3925 3683 ipsi

710 3690 1191 3796 proximum,
1260 3683 1446 3760 dum
1514 3683 1801 3781 aliquid
1873 3684 2295 3781 percipiat,
2357 3709 2503 3758 non
2587 3676 3149 3788 compositam,
3212 3709 3354 3761 nec
3436 3685 3920 3770 abstractam.

690 3787 1141 3887 objectum
1166 3786 1583 3884 (generale)
1637 3786 1987 3860 omnium
2044 3788 2397 3861 ldearum
2447 3807 2634 3860 esse
2658 3779 3205 3859 Extensiohe'm
3253 3790 3377 3856 τοῦ
3425 3786 3720 3881 infiniti
3752 3801 3924 3882 (un-

712 3891 1104 3966 endllcher
1151 3888 1404 3961 Raum
1466 3923 1569 3942 ‹—
1634 3911 1847 3960 reme
1878 3887 2507 4006 Ausdehnung)‚
2579 3888 3172 3985 intelligibilem
3221 3885 3810 3963 immutabilem
3849 3906 3927 3964 et

702 3985 1604 4078 incommensurabilem,
1665 4014 1760 4063 ex
1823 3990 2040 4083 cujus
2104 3990 2387 4066 intuitu
2451 3989 2916 4100 formemus,
2984 3985 3381 4104 quidquid
3417 3988 3927 4086 adspiciam'n's

708 4095 875 4169 sive
950 4095 1189 4181 intra,
1252 4090 1418 4164 sive
1479 4100 1698 4163 extra
1768 4112 1940 4203 nos}
2009 4113 2166 4163 esse
2231 4089 2474 4183 igitur
2539 4089 2738 4163 hanc
2808 4089 3296 4162 intuitionem
3357 4088 3438 4168 in
3499 4091 3724 4165 Deo
3729 4092 3925 4209 ipso;

706 4198 987 4270 unione
1032 4207 1289 4267 autem
1328 4213 1524 4264 -cum
1576 4189 1735 4262 Deo
1778 4203 1877 4261 et
1905 4188 2330 4264 intuitionis
2381 4193 2550 4264 luce
2583 4213 2891 4264 omnem
2929 4190 3334 4264 veritatem
3369 4190 3581 4265 nobis
3617 4195 3922 4289 aperiri.

1008 4293 1409 4370 Sufficiant
1490 4290 1683 4365 haec
1748 4313 1989 4386 pauca
2054 4290 2147 4365 ad
2213 4287 2792 4392 dijudicandum
2851 4287 3333 4367 Malebranci
3410 4291 3932 4408 idealismum,

710 4395 1135 4471 interdum
1128 4393 1570 4490 mysticum
1627 4393 2110 4488 appellatum,
2150 4405 2223 4465 et
2272 4404 2476 4466 recte
2526 4385 2883 4483 fortasse3
2937 4389 3326 4490 siquidem·
3367 4392 3671 4480 omnia,
3738 4417 3930 4504 quae

620 4575 625 4580 ,
707 4501 1007 4574 ratione
1052 4495 1363 4593 quidem
1414 4505 1766 4588 percepta
1817 4492 2019 4580 sint,
2078 4506 2337 4567 tamen
2400 4495 2801 4567 notionum
2867 4493 3365 4589 idearumque
3425 4491 3778 4588 finibus‚·-
3803 4513 3932 4568 ex-

706 4599 1113 4697 plicatione
1155 4610 1232 4671 et
1283 4591 1766 4668 distinctione
1800 4586 2057 4692 egent,
2110 4586 2317 4668 sane
2341 4590 2516 4667 sunt
2566 4591 2903 4694 myst-ica
2957 4596 3007 4666 i.
3064 4613 3124 4667 e.
3177 4597 3566 4710 obscuras,
3592 4592 3931 4676 initalida

700 4726 797 4776 ac
847 4700 1051 4773 fluxa
1104 4697 1305 4788 dici,
1337 4708 1413 4770 et
1460 4718 1601 4769 nec
1649 4693 1987 4769 sensibus
2037 4720 2177 4771 nec
2226 4709 2483 4768 mente
2523 4695 2821 4794 »percipi
2863 4705 3199 4792 possunt
3305 4695 3502 4771 Hac
3543 4694 3704 4792 ipsa
3759 4721 3933 4793 quo-

706 4827 848 4895 que
900 4823 1127 4875 causa
1177 4795 1639 4873 Malebranci
1690 4789 2131 4870 idealismus
2184 4819 2330 4870 non
2385 4798 2586 4870 ultra
2638 4798 2866 4901 modo
2893 4793 3438 4872 Cartesianum
3490 4821 3639 4871 non
3691 4817 3933 4893 egres-

704 4924 853 4989 sus,
906 4898 1053 4978 sed
1087 4901 1330 4997 potius
1384 4899 1783 5012 regressus
1820 4911 1931 4972 est
1985 4897 2077 4970 a'd
2133 4891 2664 4988 idealismum,
2738 4891 2975 5013 q'uem
3037 4897 3724 5014 supernaturalem
3742 4897 3949 4976 'dixi-1

707 5023 916 5091 mus;
972 5013 1043 5072 et
1094 5001 1408 5075 fortasse
1458 5022 1590 5073 suo
1643 4998 1880 5095 ipsius
1933 4995 2242 5073 nomine
2298 4993 2860 5091 intelligibilis
2894 4997 3016 5069 v'el
3048 4995 3490 5169 {mmmm
3564 4998 3938 5092 appellan-
