4919 5890
2560 537 2648 604 42

1004 748 1142 825 dus
1195 755 1345 839 est3
1390 752 1790 840 propterea
1839 735 2031 837 quod
2084 736 2347 819 omnia
2394 748 2853 839 argumenta
2902 738 3023 812 vel
3075 735 3356 835 placita
3399 741 3484 818 in
3547 742 4043 843 inspiciendis
4094 746 4221 823 ob·

1009 846 1263 951 jectis,
1333 867 1526 942 quae
1568 841 1776 918 ideas
1843 853 2066 916 vocat
2113 842 2165 915 i.
2220 866 2285 915 e.
2351 841 2722 932 unitates,
2776 841 3047 937 quibus
3097 838 3547 927 immediate
3596 850 3802 925 reale
3858 866 3933 923 et
3982 851 4227 927 ideale

936 942 945 945 “
1011 950 1534 1036 continentur,
1601 946 1762 1023 Deo
1827 942 2206 1035 adstante,
2269 943 2566 1019 ratione
2634 957 2988 1042 percepta
3040 965 3130 1016 ac
3181 945 3424 1041 posita
3472 961 3670 1021 sunt.
3773 950 3889 1022 De
3931 951 4227 1037 mentis

1012 1048 1449 1130 actionibusw
1488 1047 1849 1142 actisque,
1904 1070 2096 1141 quae
2144 1058 2318 1119 sunt
2367 1045 2709 1120 notiones
2756 1047 2879 1119 vel
2930 1040 3498 1142 comprehensa,
3547 1048 3709 1123 fere
3763 1052 3960 1126 nihil
4003 1076 4226 1150 quae-

1008 1156 1228 1231 ritur.
1294 1151 1520 1236 ‚Tota
1575 1147 1817 1247 igitur
1868 1148 2058 1223 haee
2111 1145 2458 1227 doctrina
2510 1146 2836 1245 pertinet
2888 1145 2981 1220 ad
3033 1147 3569 1225 immediatam
3599 1151 4005 1228 scientiam
4061 1158 4230 1247 (un—

1000 1252 1493 1331 mittelbares
1538 1249 1892 1341 Wissen)
1957 1249 2825 1346 etpronunciationem,
2892 1272 3032 1322 nec
3097 1273 3260 1331 non,
3312 1249 3545 1324 fidem
3611 1279 3869 1329 rerum
3935 1254 4272 1330 divina-0

1009 1380 1216 1447 rum,
1268 1355 1380 1428 ita
1419 1365 1506 1426 ut
1559 1376 1785 1453 aegre
1836 1350 1928 1425 de
1980 1354 2250 1426 earum
2302 1349 2713 1441 idealitate,
2773 1373 2964 1445 quae
3019 1374 3196 1423 vere
3245 1351 3368 1442 si-t,
3418 1351 3790 1451 disputari
3826 1370 3895 1430 et
3939 1356 4232 1453 inquiri

1012 1457 1278 1559 possit,
1331 1477 1825 1552 quamquam,
1877 1450 2071 1549 quod
2122 1452 2392 1552 negari
2442 1478 2590 1529 non
2644 1463 2916 1548 potest,
2969 1450 3051 1525 i‘n
3106 1451 3226 1525 bis
3277 1452 3599 1531 decretis
3665 1460 4027 1532 nonnulla
4078 1459 4230 1533 cla-

1014 1560 1203 1649 rius,
1257 1555 1623 1652 amplius,
1676 1554 2271 1653 profundiusque
2325 1552 2529 1630 edita
2580 1551 2781 1628 baud
2833 1551 3096 1654 exigui
3148 1556 3523 1641 momenti
3586 1557 3991 1633 videantur
4046 1582 4228 1634 vero

998 1722 1018 1731 ,
1058 1661 1302 1747 ιὶιίἰορο
1355 1657 1475 1732 ho.

940 1792 941 1795 ¹
1015 1688 1063 1759 P
1226 1824 1229 1829 .
1307 1684 1640 1833 {fluoris
1702 1755 1826 1828 vel
1887 1754 2204 1830 minimi
2272 1751 2486 1843 nobis
2548 1750 2854 1827 videtur
2916 1755 3292 1829 momenti
3358 1756 3463 1849 is,
3531 1783 3762 1854 quem
3827 1758 4090 1839 dicunt
4135 1757 4229 1835 ab

1011 1862 1340 1962 Anglico
1416 1853 1756 1950 Georgia
1814 1855 2135 1956 Bercley
2207 1854 2697 1929 idealismum
2759 1853 3198 1928 institutum
3257 1880 3454 1950 esse,
3523 1884 3667 1956 quo
3720 1876 3985 1936 tamen
4035 1863 4231 1958 jure,

1016 1989 1168 2039 non
1218 1959 1578 2061 percipio.
1680 1957 1754 2030 Is
1800 1958 2019 2045 enim
2066 1960 2387 2032 stultum
2452 1953 3009 2051 absurdumque
3061 1954 3275 2045 dicit,
3327 1957 3675 2052 credere,
3735 1988 3857 2038 res
3920 1962 4231 2058 objecti-

1005 2088 1151 2140 «vas
1202 2088 1329 2138 seu
1387 2059 1601 2134 nobis
1653 2070 2004 2135 externas
2055 2083 2213 2134 esse
2265 2057 2595 2145 easdem,
2647 2080 2835 2156 quae
2887 2055 3102 2132 nobis
3151 2057 3597 2157 videantur3
3644 2088 3803 2139 esse
3832 2077 4090 2139 autem
4119 2090 4230 2138 re·
4321 2148 4330 2155 .

1015 2189 1202 2242 vera
1269 2162 1468 2238 nihil
1528 2159 1679 2235 nisi
1741 2176 1997 2237 nostra
2056 2158 2148 2245 de
2217 2158 2338 2235 his
2399 2156 2622 2231 rebus
2670 2155 2875 2244 visa,
2909 2182 3158 2234 sensa
3210 2184 3303 2235 ac
3353 2177 3745 2262 percepta,
3787 2166 3979 2262 quod
4029 2166 4234 2240 clare

1018 2278 1409 2364 appareret
1460 2288 1502 2337 e
1555 2259 1862 2336 dissidio
1915 2261 2622 2359 metaphysicorum
2659 2257 2748 2332 de
2778 2256 3221 2352 substantia,
3254 2265 3585 2341 materia
3623 2266 3939 2363 aliisque
3973 2265 4229 2357 rebus,

1014 2366 1288 2443 deinde
1339 2391 1435 2440 ex
1483 2387 1595 2455 eo,
1646 2364 1843 2459 quod
1883 2364 2182 2439 nullum
2221 2359 2566 2433 medium
2614 2382 2745 2432 seu
2800 2360 3100 2434 nullam·
3135 2364 3591 2439 relationem
3639 2368 3982 2445 activam
4034 2369 4235 2447 inter

985 2491 1144 2542 res
1192 2468 1391 2565 ipsas
1456 2487 2045 2564 cognoscamus,
2113 2477 2189 2545 et
2238 2486 2357 2536 res
2424 2459 2632 2556 ipsae
2684 2458 3006 2554 denique
3068 2485 3111 2544 e
3174 2462 3912 2542 visionibus·nostris
3964 2468 4233 2566 depen-

1018 2567 1332 2659 dexant3
1400 2589 1664 2639 omnes
1715 2580 1973 2640 autem
2026 2561 2543 2662 perceptiones
2596 2573 2669 2632 et
2720 2559 3046 2633 visiones
3093 2585 3240 2634 non
3292 2579 3583 2641 nostras
3635 2592 3831 2659 esse,
3896 2565 4026 2643 sed
4083 2567 4236 2645 Dei
4337 2606 4340 2609 ¹

909 2748 924 2761 ,
986 2671 1142 2746 vel
1191 2668 1500 2759 infiniti,
1552 2665 2092 2766 omnipotentis
2139 2662 2484 2761 supremi
2535 2660 2904 2759 spiritus,
2935 2661 3191 2735 Deum
3233 2688 3415 2765 ergo
3466 2691 3626 2745 esse
3671 2669 3922 2742 omnis
3978 2671 4235 2771 cogni-

1017 2771 1244 2846 tionis
1295 2791 1612 2845 causam
1666 2794 1757 2849 ac
1811 2766 2382 2855 necessitatem,
2462 2787 2603 2860 quo
2655 2763 3033 2857 sequitur,
3088 2789 3248 2854 res,
3314 2792 3532 2864 quae.
3568 2782 3645 2841 et
3714 2769 3892 2865 quid
3962 2797 4092 2868 per
4157 2796 4238 2847 se

941 2927 947 2933 .
1014 2874 1207 2965 sint,
1259 2870 1465 2950 hau'd
1516 2870 1861 2970 cognossi
1904 2893 2163 2968 posse,
2194 2865 2346 2942 nisi
2372 2866 2534 2940 Deo
2587 2863 3162 2958 interveniente,
3215 2880 3290 2941 et
3340 2868 3540 2944 nihil
3589 2864 3786 2962 esse,
3851 2869 4002 2947 nisi
4070 2897 4236 2972 per·

1011 3002 1099 3052 ce
1152 2988 1232 3049 ta
1282 2987 1355 3047 et
1404 2972 1585 3044 vise.
1845 3028 1849 3032 .
3083 2969 3086 2978 ’

1103 3002 1148 3074 p
1319 3074 1555 3145 Haec
1586 3067 1909 3162 Bercleji
1961 3065 2309 3142 doctrina
2359 3066 2523 3160 ipsa
2573 3062 2772 3137 nibil
2817 3086 3004 3137 sane
3055 3061 3207 3137 nisi
3260 3066 3560 3166 negatio
3615 3061 4051 3167 empirismi
4100 3087 4234 3165 est,

1010 3174 1178 3251 sive
1204 3168 1649 3269 opinionum
1679 3190 1947 3246 eorum
1978 3168 2112 3263 qui
2166 3191 2207 3239 e
2256 3163 2737 3241 sensibilibus
2787 3163 3011 3244 rebus
3062 3164 3545 3262 accipiendas
3573 3194 3732 3246 esse
3763 3173 4237 3254 teritate'set

1016 3273 1487 3373 cognitiones
1518 3270 1743 3368 vulgo
1778 3282 2063 3342 rentur.
2167 3263 2733 3344 Verumtamen
2770 3259 3070 3344 factum
3103 3278 3236 3358 est,
3264 3281 3350 3341 ut
3381 3271 3593 3345 nulla
3618 3271 3848 3349 facile
3887 3274 4039 3351 alia
4070 3299 4232 3353 ma·

1019 3376 1177 3476 gis,
1239 3396 1468 3472 quam
1522 3371 1693 3445 illas
1748 3368 2129 3465 adjuverit
2177 3365 2615 3443 communis
2664 3364 2871 3440 vitae
2920 3365 3309 3464 opiniones
3345 3394 3682 3468 eamque
3736 3377 4234 3476 cognoscendi

1004 3466 1419 3565 rationem,
1470 3495 1703 3570 quam
1752 3468 2088 3543 Lochias
2139 3469 2491 3567 probavit
2540 3480 2616 3541 et
2666 3462 3022 3539 Humius
3071 3466 3168 3541 ad
3230 3473 3609 3568 majorem
3656 3475 4110 3553 firmitatem
4162 3492 4234 3554 et

1015 3576 1524 3655 constantiam
1594 3573 1856 3650 tollere
1894 3569 2230 3649 studuit.
2349 3571 2468 3645 De
2533 3567 2726 3643 ideis
2786 3568 3399 3666 nationibusque,
3464 3573 3643 3669 quid
3693 3578 3883 3670 sint,
3952 3581 4032 3654 in
4088 3580 4236 3660 hae

1015 3679 1360 3757 doctrina
1411 3678 1573 3773 iam
1622 3671 1817 3748 nihil
1871 3672 2295 3746 autobiter
2345 3669 2739 3767 quaeritur
2791 3682 2865 3742 et
2916 3671 3595 3767 planequaerendi
3658 3679 3870 3756 locus
3923 3682 4235 3759 relictus

1016 3797 1166 3873 est,
1241 3793 1416 3854 sunt
1481 3800 1661 3850 sane
1726 3772 2058 3846 visiones
2128 3771 2701 3869 opinionesque,
2763 3793 2947 3864 quas
3009 3795 3148 3846 nec
3210 3772 3430 3848 Deus·
3482 3802 3720 3875 neque
3773 3782 4040 3869 homo,
4096 3809 4234 3861 nec

1016 3884 1316 3957 eoelum
1368 3901 1511 3952 nec
1559 3889 1768 3948 terra
1811 3873 2208 3948 affirmare
2260 3885 2624 3970 possunts
2687 3871 2824 3942 Est
2872 3868 3108 3966 igitur
3167 3872 3360 3952 haec
3425 3875 3898 3982 philosophia
3962 3899 4038 3960 et
4101 3885 4233 3961 hic

1018 3981 1462 4059 idealismus
1506 4002 1594 4053 ea
1645 3974 1940 4052 sciendi
1990 3974 2185 4050 ratio
2238 3987 2313 4048 et
2363 3987 2624 4061 status,
2676 3993 2820 4069 quo
2871 3971 3213 4067 credunt,
3266 3980 3567 4073 omnia,
3622 4009 3813 4080 quae
3860 3986 4062 4077 sint,
4104 4001 4235 4062 aut

1018 4085 1243 4161 nihil.
1274 4107 1432 4158 esse
1486 4103 1692 4175 posse
1748 4091 1825 4151 et
1862 4089 2246 4167 constare,
2300 4087 2429 4150 aut
2475 4086 2683 4150 certe
2735 4072 2939 4149 aliud
2993 4073 3216 4170 quid,
3284 4105 3518 4175 quam
3584 4110 3716 4160 nos
3778 4091 4234 4183 putemus'i.

1018 4212 1083 4260 e.
1154 4188 1580 4267 incertum,
1652 4178 1968 4253 fluxum.
2088 4177 2252 4271 Qua
2324 4174 2413 4250 de
2484 4195 2753 4263 causa,
2818 4176 3171 4255 omnibus
3230 4179 3312 4254 in
3373 4183 3598 4259 rebus
3640 4185 4234 4266 dubitationibus

1018 4311 1322 4387 prorsus
1375 4279 1667 4355 relictis
1716 4292 1793 4352 et
1842 4279 2323 4376 scepticismo
2378 4278 2535 4376 ipso
2587 4288 2969 4373 superato,
3035 4304 3278 4356 unum
3326 4284 3823 4384 omnibusque
3873 4291 3955 4366 in
4009 4293 4232 4368 rebus
4349 4331 4358 4338 =

918 4417 931 4432 ⁸
1016 4402 1130 4463 est
1180 4383 1618 4487 perfugium
1669 4387 1895 4468 Deus,
1952 4379 2156 4469 fides,
2209 4380 2504 4479 religio.
2604 4378 2811 4450 Deus
2879 4392 3137 4453 autem
3188 4408 3329 4458 nec
3385 4387 3805 4468 substantia
3867 4409 3981 4468 est
4043 4391 4231 4470 Car·-

1017 4488 1197 4564 tesii
1240 4502 1316 4563 et
1359 4486 1750 4583 Spinozae,
1802 4505 1942 4557 nec
1992 4481 2369 4555 Leibnitii
2424 4502 2690 4553 monas
2740 4478 3182 4573 monadum,
3240 4510 3381 4562 nec
3449 4505 3794 4566 veterum
3855 4509 4233 4570 nostrum.

1017 4595 1159 4687 que
1212 4588 1395 4662 idea„
1433 4599 1565 4662 aut
1613 4597 2011 4686 summum
2061 4580 2369 4654 bonum.
2473 4578 2739 4654 Nescio
2792 4578 3055 4678 igitur,
3104 4587 3536 4666 num.haec
3582 4594 3957 4670 sentiendi
3988 4583 4230 4675 scien&

1016 4690 1240 4788 dique
1282 4688 1481 4763 ratio
1518 4707 1765 4782 ¹quum
1821 4682 2333 4781 philosophiae
2379 4695 2547 4754 tum
2599 4680 2983 4757 idealismi
3034 4710 3308 4762 nomen
3363 4715 3543 4766 vere
3604 4695 3908 4771 trabere
3974 4712 4050 4773 et
4114 4724 4228 4772 re-

1012 4791 1260 4867 tinere
1313 4789 1566 4889 possit,
1620 4783 1949 4858 minime
2001 4796 2208 4857 certe
2258 4781 2631 4879 empirici,
2679 4781 2871 4880 quod
2923 4783 3231 4880 quidam
3289 4791 3527 4867 velint
3580 4797 3911 4893 probare.
4019 4795 4266 4894 Quod‘

1012 4887 1335 4990 denique
1386 4891 1469 4964 in
1522 4889 1669 4963 hac
1722 4883 2065 4961 doctrina
2115 4882 2553 4962 inveniatur
2596 4883 2767 4958 veri
2820 4898 3039 4981 atque
3092 4888 3408 4982 aeterni,
3462 4899 3850 4993 praeclare
3901 4902 4226 4981 Kamisa.

1010 5008 1264 5070 noster
1292 4985 1861 5084 ⁶demonstravit
1912 4999 1986 5059 et
2037 4983 2381 5061 Ficbtius
2431 4984 2892 5084 praeclarius
2943 4985 3374 5066 illustravit.
3449 5061 3456 5062 ff
3813 5031 3820 5036 ·
4199 5029 4208 5036 ·
