4919 5890
2324 486 2413 555 39

745 702 1053 814 prorsus
1100 689 1401 770 versari
1452 690 1706 768 solis’
1679 719 1763 768 ιιι
1811 689 2241 769 notionibus
2291 690 2767 810 aeternisque
2812 689 3043 799 ideis3
3095 714 3365 790 neque,
3413 702 3499 765 ut
3530 687 3638 766 ita
3680 691 3968 789 loquar,

741 795 1058 877 etiamsi
1109 796 1450 896 speciem
1504 819 1686 893 prae
1732 810 1841 869 se
1860 795 2154 885 ferant,
2220 808 2510 871 terram
2563 796 2955 894 vitamque
3006 796 3385 892 attingere
3445 816 3968 947 communem,

741 898 832 976 ad
885 922 1120 999 quam
1174 898 1345 972 fere
1391 921 1657 973 omnes
1709 920 1884 971 eum
1939 898 2339 972 detrahere
2382 897 2852 974 conabantur
2902 921 2992 971 ac
3043 898 3368 973 student.
3729 934 3734 943 ι
3802 936 3808 945 ·

1042 1000 1330 1094 Quibus
1376 998 1603 1073 dictis
1673 1022 1918 1073 errore
1983 1025 2165 1075 sane
2230 1002 2432 1099 capti
2501 1000 2938 1089 videantur,
3007 999 3137 1095 qui
3198 998 3633 1098 philosopho
3687 1007 3961 1071 nostro

736 1100 1144 1199 objiciant,
1226 1124 1405 1177 eum
1489 1099 1689 1174 sicut
1769 1101 2148 1176 Eleaticos
2216 1127 2352 1177 suo
2427 1099 2570 1195 „iv
2610 1105 2764 1172 καὶ
2805 1103 3046 1192 πᾶνῑί,
3107 1102 3364 1175 Deum
3436 1122 3615 1174 cum
3684 1112 3959 1175 natura

741 1202 1218 1279 confundisse
1270 1216 1368 1293 et,
1422 1214 1507 1275 ut
1556 1201 1749 1291 illos,
1792 1200 2396 1296 panthei-smum,
2449 1228 2678 1301 quem
2749 1204 2975 1302 vulgo
3043 1215 3341 1298 putant.
3412 1200 3787 1292 docuisse3
3850 1198 3953 1291 id,

737 1304 950 1424 quood
985 1304 1184 1379 mihi
1235 1316 1439 1379 certe
1490 1300 1695 1378 haud
1749 1303 2008 1393 videre
2056 1304 2349 1396 videar,
2404 1320 2625 1402 atque
2675 1302 3011 1401 opusculi
3043 1303 3281 1377 nostri
3317 1301 3956 1377 demonstratione

735 1405 1155 1502 rejiciatur.
1256 1405 1626 1502 Spinozae
1656 1404 1868 1480 enim
1918 1420 2257 1506 systema
2309 1407 2915 1507 philosophie-um
2966 1404 3213 1506 magis
3266 1430 3445 1480 sane
3498 1404 3840 1479 continet
3884 1415 3958 1485 et
4040 1472 4046 1483 ,

734 1508 1065 1604 explicat
1098 1531 1397 1624 puram,
1450 1520 1534 1579 ut
1583 1509 1747 1603 jam
1802 1508 2266 1600 monuimus,
2313 1534 2635 1606 eamque
2689 1506 3063 1582 abstracte
3115 1508 3714 1581 demonstratam
3749 1500 3952 1580 theo-
4029 1594 4038 1597 -

732 1607 1024 1709 logiam
1077 1609 1242 1683 sive‘
1292 1607 1619 1683 idealem
1669 1608 1821 1685 Dei
1874 1625 2271 1704 naturam,
2311 1636 2546 1709 quam
2599 1608 2793 1708 quod
2845 1611 3070 1710 vulgo
3119 1609 3694 1707 philosophiam
3763 1632 3949 1682 nun·

738 1734 833 1787 cu
890 1723 1043 1788 ant.

838 1738 883 1810 p
1034 1811 1143 1885 Ne
1179 1808 1348 1907 quis
1380 1822 1640 1885 tamen
1676 1823 1907 1928 putet,
1938 1837 2070 1887 nos
2102 1812 2497 1912 Spinozae,
2527 1812 2901 1911 plerisque
2936 1809 3319 1884 nimirum
3349 1809 3764 1906 quidquam
3804 1805 3949 1904 spi-

734 1935 959 1987 nosae
1013 1910 1400 1987 doctrinae
1453 1913 1623 1987 luce
1676 1912 1784 1988 ita
1839 1938 1999 1989 esse
2050 1914 2528 2003 obcaecatos,
2586 1928 2666 1986 ut
2718 1915 2939 2009 plane
2965 1912 3450 1986 obsolv'amus
3492 1934 3682 1986 eam
3702 1910 3948 1982 omni-

733 2013 922 2103 bus,
950 2027 1032 2085 ut
1085 2013 1372 2103 dicunt,
1425 2012 1515 2086 ab
1571 2014 1988 2107 erroribus3
2041 2029 2432 2111 sequentes
2486 2015 2729 2111 potius
2780 2012 3165 2088 idealismi
3213 2012 3504 2108 species
3565 2002 3766 2085 hauc
3832 2033 3947 2083 re·

740 2113 1066 2188 ecturas
1114 2113 1550 2211 opinionem
1604 2112 2065 2188 intueamur.
2169 2115 2497 2189 Minime
2558 2139 2777 2205 vero,
2828 2126 2913 2186 ut
2949 2113 3108 2196 ,hoc
3177 2126 3490 2195 tantum
3543 2112 3948 2208 attingam,

731 2142 959 2309 buius
1010 2212 1368 2312 sapientis
1422 2213 1512 2288 de
1564 2213 1755 2288 ideis
1808 2213 2154 2292 doctrina
2207 2215 2453 2290 studio
2519 2230 2769 2290 nostro
2836 2214 3314 2305 satisfaciat-3
3370 2213 3643 2315 quippe
3707 2234 3945 2307 quum

728 2314 930 2391 haud
982 2318 1191 2393 clare
1238 2314 1556 2389 fortasse
1604 2317 2094 2412 perspexeris,
2142 2318 2512 2415 quomodo
2566 2318 2805 2405 ideae,
2861 2315 3141 2391 mentis
3191 2314 3497 2390 divinae
3539 2328 3624 2405 et
3675 2312 3947 2391 huma-

726 2442 870 2491 nae
922 2439 1101 2492 cum
1158 2415 1378 2490 rebus
1428 2414 1700 2491 ideatis
1753 2416 2165 2515 adaequate
2227 2418 2720 2509 conveniant,
2780 2431 2910 2493 aut
2981 2443 3023 2491 e
3091 2415 3353 2492 divina
3414 2430 3687 2492 natura
3737 2414 3944 2493 exsi-

729 2531 953 2608 stant,
1009 2531 1083 2591 et
1134 2534 1316 2605 cum
1369 2516 1591 2592 rebus
1640 2542 2023 2593 connexae
2071 2523 2246 2597 sint.
2365 2522 2580 2594 Haec
2636 2520 2935 2618 aliaque
2999 2512 3377 2617 permulta
3435 2519 3558 2594 in
3565 2518 3747 2617 ipsa
3819 2542 3942 2590 no·

727 2619 1028 2692 tionum
1092 2619 1601 2734 explicatione
1663 2618 2021 2710 haerent,
2093 2636 2168 2694 et
2232 2622 2641 2696 emendare
2707 2632 3019 2695 conatus
3065 2633 3174 2693 est
3227 2622 3618 2718 proximus
3666 2619 3942 2693 horum

728 2719 971 2793 trium
1037 2718 1386 2793 virorum
1451 2717 1690 2794 nostri
1754 2717 2138 2794 idealismi
2204 2722 2357 2797 alte
2422 2723 2790 2823 longeque
2857 2718 3404 2796 celeberrimus
3480 2733 3555 2801 et
3605 2718 3940 2831 doctissi-

731 2844 904 2896 mus
948 2818 1324 2899 omnium.
3462 2869 3471 2879 ,

956 2914 1512 3013 Godosredus
1563 2914 2012 2991 Guilelmus
2061 2940 2107 2990 a
2162 2914 2549 3011 Leibnitz,
2601 2920 2730 3017 qui
2803 2933 3152 3000 veterum
3222 2916 3740 2994 monumentis
3811 2945 3939 2998 nu-

724 3017 949 3096 tritus
1013 3023 1097 3095 in
1158 3019 1698 3141 philosophicis
1766 3022 2113 3095 maxime
2188 3035 2542 3116 sequutus
2617 3047 2776 3096 esse
2845 3015 3280 3097 Cartesium
3353 3034 3427 3094 et
3505 3019 3938 3122 Spinozam,

626 3185 635 3196 ι
724 3147 989 3220 eosque
1041 3123 1525 3220 potissimum
1578 3122 1735 3196 suis
1785 3122 1877 3197 de
1931 3115 2374 3197 monadibus
2426 3122 2730 3219 placitis
2784 3122 3185 3198 emendare
3235 3121 3560 3197 voluisse
3613 3123 3937 3213 videtur,

720 3245 1126 3320 omnesque
1176 3250 1330 3299 una
1378 3223 1691 3296 omnino
1752 3221 2102 3297 veterum
2172 3237 2247 3296 et
2312 3224 2824 3298 recentiorum
2895 3223 3400 3323 philosophias
3462 3225 3937 3325 conjungere.

720 3328 1016 3406 Verum
1069 3324 1259 3399 haec
1313 3338 1613 3398 tantum
1666 3321 1760 3395 de
1811 3323 2003 3396 ideis
2049 3337 2125 3396 et
2177 3324 2624 3399 monadibus
2664 3328 2824 3419 ejus
2876 3329 3156 3421 placita
3209 3350 3604 3422 apponam.

1020 3427 1227 3504 Deus
1281 3439 1415 3514 est,
1463 3411 1886 3500 secundum
1938 3425 2098 3518 ejus
2158 3424 2643 3514 sententiam,
2686 3443 2960 3494 monas
2987 3426 3430 3514 monadum,
3481 3447 3608 3498 seu
3656 3421 3937 3520 prima,

720 3548 986 3602 monas
1039 3540 1298 3599 autem
1345 3549 1489 3602 non
1544 3536 1693 3613 est,
1750 3524 1899 3598 nisi
1964 3524 2395 3607 substantia
2442 3524 2809 3623 simplex,
2866 3549 3057 3622 quae
3117 3523 3619 3639 incomposita
3683 3522 3935 3618 ingre·

722 3628 951 3701 ditur.
1054 3627 1311 3716 „Deus
1364 3640 1474 3703 est
1518 3625 1935 3703 substantia
1988 3640 2291 3701 aeterne
2344 3627 2810 3716 necessaria,
2864 3638 2939 3700 et
2981 3626 3200 3724 Aratio
3264 3624 3643 3699 sufficiens
3709 3625 3933 3699 totius

720 3725 943 3816 seriei
1009 3723 1478 3819 mundanae,
1546 3751 1847 3826 prorsus
1912 3728 1993 3802 in
2043 3749 2285 3802 unum
2341 3751 2751 3822 connexae,
2811 3726 3144 3803 absolute
3211 3721 3600 3847 perfectus
3645 3739 3717 3798 et
3769 3725 3933 3814 fons

718 3837 866 3904 non
920 3827 1138 3901 modo
1193 3831 1833 3924 exsistentiarum,
1881 3847 2155 3906 verum
2208 3828 2443 3903 etiam
2506 3828 3070 3925 Essentiarum3
3135 3831 3349 3925 cujus
3415 3827 3936 3926 productiones

720 3942 893 4006 sunt
942 3932 1206 4003 omnes
1252 3930 1628 4006 monades
1635 3935 1683 3973 “
1733 3971 1831 3988 —
1931 3933 2236 4048 „Datur
2302 3932 2384 4005 in
2450 3933 2611 4005 Deo
2672 3929 3050 4036 potentia,
3119 3954 3309 4027 quae
3373 3942 3484 4003 est
3540 3928 3705 4002 fons
3770 3952 3930 4002 om

721 4031 965 4122 nium,
1017 4030 1303 4105 deinde
1338 4029 1698 4125 cog-nitio,
1747 4055 1936 4128 quae
1983 4034 2321 4108 continet
2373 4033 2724 4107 omnium
2783 4023 3144 4105 idearum
3210 4031 3567 4120 schema,
3634 4041 3709 4103 et
3769 4044 3929 4104 tan·

724 4131 900 4207 dem
951 4131 1340 4223 uoluntas,
1394 4155 1584 4230 quae
1638 4134 2093 4208 mutationes
2145 4134 2403 4210 efficit
2429 4159 2485 4208 s.
2533 4132 3108 4248 productionem
3162 4129 3581 4207 secundum
3646 4130 3929 4229 princi·

721 4232 945 4331 pium
991 4231 1354 4308 melioris.
1454 4229 1786 4307 Di‘vinus
1849 4236 2276 4310 intellectus
2325 4250 2436 4312 est
2486 4235 2695 4334 regio
2748 4233 3159 4309 veritatum
3210 4248 3716 4322 aeternarum,
3768 4232 3930 4307 sive

722 4331 1093 4409 idearum.
1102 4338 1150 4375 “
1254 4333 1609 4409 Monades
1662 4359 1806 4408 non
1858 4352 2033 4411 sunt
2083 4336 2322 4411 atomi
2376 4337 2625 4428 molis,
2676 4337 2803 4410 sed
2843 4336 3354 4426 substantiae,
3424 4357 3695 4429 nempe
3755 4333 3924 4405 uni·

720 4449 909 4511 tates
974 4436 1253 4525 reales,
1319 4460 1511 4532 quae
1574 4435 1818 4518 fontes
1869 4439 2231 4513 exsistant
2297 4439 2726 4529 actionum,
2798 4438 3300 4552 appellarique
3367 4447 3575 4508 recte
3640 4432 3925 4527 possint

720 4534 1236 4625 Entelechtae,
1291 4536 1625 4634 itemque
1674 4536 1970 4613 formae
2019 4537 2544 4614 substantiales
2597 4541 2674 4612 vi
2728 4542 2979 4614 activa
3014 4533 3512 4635 perceptionis
3542 4546 3613 4605 et
3642 4534 3921 4632 appeti·

719 4638 945 4711 tionis
996 4635 1415 4733 praeditae,
1482 4638 1778 4733 sintque
1835 4640 1924 4708 τὰ
1961 4643 2193 4731 πρῶτα
2221 4637 2510 4710 δεκτικὰ
2523 4643 2640 4724 τῆς
2669 4643 2905 4725 ζωῆς.“
3019 4638 3344 4713 Materia
3403 4647 3660 4709 autem
3726 4637 3919 4711 nihil

717 4752 827 4814 est
892 4735 1043 4810 nisi
1109 4735 1395 4814 infiniti
1460 4737 1873 4813 monadum
1939 4739 2247 4813 numeri
2314 4751 2833 4840 aggregatum.
2955 4739 3104 4813 Dei
3156 4738 3584 4835 qualitates
3602 4736 3683 4810 in
3737 4762 3916 4810 una-

602 4883 611 4890 ·
716 4862 1007 4936 quaque
1069 4838 1391 4944 monade
1452 4854 1666 4930 sunt,
1736 4838 1865 4914 sed
1920 4839 2301 4916 limitatae
2366 4865 2499 4939 pro
2571 4839 2811 4940 gradu
2865 4853 2940 4915 et
2985 4863 3353 4926 mensura
3414 4835 3911 4935 perfectionis.

714 4938 1074 5015 Actualia
1123 4933 1385 5018 omnia
1416 4933 1850 5043 dependent
1874 4965 1940 5017 a
1988 4943 2175 5032 Deo,
2228 4955 2395 5016 tum
2445 4931 2922 5033 exsistendo,
2958 4954 3125 5017 tum
3176 4938 3501 5042 agendo,
3553 4960 3691 5012 nec
3755 4947 3916 5018 tan-
