4919 5890
1763 853 1937 942 III.
2054 850 2720 946 Idealismus
2771 852 3441 993 rationalis.

1295 1054 1551 1150 Haec,
1610 1080 1845 1154 quam
1912 1054 2133 1128 modo
2197 1053 2696 1149 absolvimus,
2763 1054 3147 1132 idealismi
3208 1054 3459 1127 sor-ma
3528 1079 3661 1150 per
3725 1050 3876 1123 tria
3933 1050 4221 1149 praeci·

1001 1184 1145 1260 pue
1189 1173 1627 1248 momenta,
1688 1159 2031 1255 primum
2097 1157 2397 1247 omnia,
2464 1182 2658 1253 quae
2709 1173 2881 1232 sunt
2935 1173 3008 1232 et
3060 1156 3417 1230 videntur
3468 1156 3547 1228 in
3591 1180 3865 1229 rerum
3926 1167 4222 1245 natura,

1002 1287 1096 1337 ex
1144 1262 1333 1336 reali
1382 1260 1464 1334 in
1515 1259 1841 1334 idealem
1893 1258 2228 1357 speciem
2279 1253 2655 1352 traduxit3
2723 1259 2991 1339 deinde
3060 1259 3411 1331 omnium
3469 1258 3810 1331 visorum
3867 1270 3938 1329 et
3989 1252 4223 1327 notio-

1001 1386 1193 1439 num
1240 1361 1587 1437 ordinem
1635 1361 1995 1452 tentavit,
2062 1358 2153 1434 ac
2214 1359 2535 1455 denique
2586 1362 2810 1459 hujus
2858 1360 3148 1434 ordinis
3199 1373 3273 1433 et
3314 1358 3552 1432 'totius
3607 1373 3679 1432 et
3742 1358 4223 1457 singulorum

1005 1478 1362 1540 naturam
1412 1477 1486 1536 et
1543 1461 2128 1537 fundamentum
2182 1474 2436 1535 mente
2490 1463 2881 1559 percipere
2932 1475 3202 1536 conata
3269 1474 3398 1535 est.
3506 1461 3892 1534 Postremo
3961 1472 4224 1532 autem

1002 1566 1298 1640 factum
1350 1562 1714 1654 vidimus,
1763 1575 1848 1636 ut
1900 1566 2101 1636 notio
2157 1564 2316 1660 ipsa
2368 1564 2491 1636 vel
2541 1563 2713 1638 idea
2763 1565 2977 1637 omni
3030 1562 3377 1638 realitate
3449 1562 3793 1657 privetur
3843 1574 3917 1633 et
3969 1557 4223 1634 nescio

986 1663 1186 1762 -quid
1250 1666 1481 1740 inane
1544 1678 1620 1738 et
1687 1688 2021 1739 vacuum
2090 1666 2441 1757 exsistat3
2508 1665 2702 1740 hanc
2769 1665 2859 1739 ob
2923 1676 3236 1741 causam
3304 1687 3584 1738 novam
3640 1662 3972 1735 dixerim
4022 1661 4225 1736 inter

984 1767 1251 1841 ·ideale
1301 1780 1376 1841 et
1422 1768 1649 1857 reale,
1702 1765 2198 1840 durissimam
2247 1790 2451 1856 sane,
2505 1766 2632 1841 sed
2686 1768 2924 1842 etiam
2977 1765 3536 1864 ‚gravissimam
3594 1789 3749 1838 esse
3798 1776 4048 1838 ortam
4102 1761 4224 1837 fis·

1006 1890 1286 1944 suram.
1389 1867 1647 1962 Itaque
1676 1868 1904 1941 te‘rtia
1936 1867 2170 1940 nostri
2203 1866 2591 1942 idealismi
2643 1868 2893 1943 forma
2948 1865 3248 1942 nonnisi
3295 1865 3552 1966 gravi,
3598 1889 4048 1961 summaque
4067 1863 4222 1937 vir-

1006 1982 1168 2043 tute
1218 1968 1445 2066 digno
1490 1986 1713 2066 opere
1761 1980 1836 2042 et
1886 1962 2165 2066 magno
2219 1967 2419 2045 hanc
2467 1995 2669 2044 nunc
2723 1970 3105 2067 duplicem
3157 1968 3360 2041 inter
3403 1967 3642 2043 ideale
3672 1981 3746 2040 et
3779 1967 3980 2040 reale
4011 1988 4222 2038 exor-

1009 2081 1173 2144 tam
1202 2083 1595 2167 rupturam
1629 2067 2123 2168 extinguendi
2175 2094 2264 2143 ac
2305 2072 2625 2144 vulnera
2677 2072 2890 2166 quasi
2942 2069 3261 2146 sanandi
3309 2068 3564 2144 labore
3596 2070 3936 2143 efficitur.
4040 2063 4225 2141 Tria

1011 2174 1131 2245 vel
1197 2184 1519 2267 quatuor
1582 2194 1763 2246 sane
1830 2172 1988 2267 jam
2047 2172 2350 2245 saecula
2418 2196 2634 2245 mens
2699 2171 3037 2247 humana
3103 2172 3246 2246 hoc
3315 2171 3397 2243 in
3466 2197 3688 2269 opere
3740 2194 3818 2243 se
3872 2191 4224 2243 exercere

1010 2271 1212 2347 haud
1267 2271 1597 2365 destitit,
1655 2273 1900 2345 immo
1955 2284 2116 2367 post
2164 2285 2269 2343 tot
2309 2285 2746 2370 temporum
2800 2288 2874 2347 et
2923 2276 3258 2347 fatorum
3332 2273 3855 2347 conversiones
3930 2267 4221 2343 vicissi-

1010 2371 1454 2468 tudinesque
1505 2398 1708 2448 nunc
1761 2384 2008 2445 nostro
2062 2371 2369 2446 tandem
2421 2388 2762 2470 tempore
2815 2399 2900 2447 eo
2955 2388 3405 2471 perventum
3460 2370 3606 2460 est,
3673 2396 3814 2467 quo
3883 2395 4017 2443 nos
4076 2383 4226 2443 ter·

1012 2475 1209 2549 tiam
1259 2472 1647 2548 idealismi
1693 2473 2031 2546 formam
2083 2498 2241 2548 esse
2294 2488 2691 2550 exacturos
2743 2499 2832 2549 ac
2884 2476 3349 2572 perfecturos
3393 2473 4158 2587 haud‘desperemus·

1313 2596 1460 2674 Sed
1509 2600 1847 2695 incipere
1895 2623 2113 2673 mens
2163 2596 2490 2698 rejicere
2540 2600 3075 2676 scholasticam
3144 2599 3573 2675 doctrinam
3644 2613 3717 2674 et
3779 2612 4066 2688 artem,
4134 2621 4225 2672 ac

1017 2698 1297 2773 reverti
1336 2720 1347 2727 “
1387 2697 1480 2772 ad
1548 2698 1812 2774 vivam
1879 2714 2274 2786 naturam,
2343 2700 2963 2799 antiquitatisque
3028 2703 3465 2777 litterarum
3537 2714 4029 2774 monumenta
4098 2725 4224 2774 ne·

1018 2822 1221 2875 cesse
1283 2814 1486 2893 erat;
1552 2801 1820 2898 quibus
1885 2826 2121 2898 quum
2190 2802 2475 2878 refecta
2542 2817 2616 2876 et
2681 2819 3017 2878 recreata
3085 2818 3274 2879 esset
3327 2804 3656 2899 antiquis
3723 2801 4225 2877 scientiarum

907 2992 914 3000 .
1018 2898 1387 3002 operibus,
1430 2900 1680 2999 xiisque
1727 2898 2104 2980 'restitutis
2151 2918 2224 2979 et
2271 2905 2717 3005 recognitis,
2769 2920 2935 3004 tum
3002 2904 3313 2980 demum
3383 2930 3601 2980 suam
3671 2902 3905 3000 ipsius
3972 2918 4046 2978 et
4105 2928 4228 3000 pe-

1019 3004 1397 3078 culiarem
1451 3018 1807 3078 naturam
1859 3005 2175 3081 ducibus
2226 3004 2381 3081 illis
2434 3006 2833 3101 explanare
2881 3019 2957 3079 et
3007 3006 3274 3080 efferre
3326 3006 3420 3081 ad
3473 3007 3825 3079 altiorem
3861 3003 4228 3078 scientiae

1017 3105 1356 3179 formam
1410 3104 1686 3187 audere
1735 3105 1998 3201 potuit.

1319 3233 1480 3324 Non
1549 3253 1849 3303 necesse
1914 3227 2251 3318 videtur,
2313 3241 2398 3301 ut
2465 3226 2966 3323 explicemus,
3029 3250 3268 3320 neque
3345 3227 3760 3303 disserendi
3825 3236 4030 3313 locus
4091 3261 4226 3340 est,

448 3359 451 3362 ·
1070 3344 1198 3406 uot
1245 3344 1669 3428 quantaque
1720 3328 2125 3403 conamina
2174 3354 2265 3390 αο
2311 3327 2765 3394 discrimina
2814 3327 3020 3394 facta
3069 3325 3224 3395 sint
3275 3322 3354 3399 in
3410 3326 3838 3407 reficiendis
3878 3364 4227 3423 exercen-
4296 3391 4308 3408 t

292 3357 1291 3604 y
1328 3429 1610 3498 mentis
1662 3429 1978 3491 viribus.
2081 3416 2427 3492 Sufficiat
2475 3444 3081 3496 commemorare
3128 3425 3686 3504 restitutionem
3730 3459 3956 3511 verae
3984 3445 4224 3524 scien-

1016 3515 1172 3606 tiae
1224 3528 1298 3587 et
1348 3514 1585 3610 simul
1652 3518 2004 3591 altiorem
2055 3517 2438 3591 idealismi
2492 3521 2812 3619 gradum
2864 3537 3215 3598 exortum
3266 3550 3423 3601 esse
3472 3533 3754 3626 partim
3805 3565 3898 3613 ex
3963 3543 4223 3624 Eccle-

1018 3615 1175 3693 siae
1219 3630 1714 3714 veterumque
1762 3620 2076 3692 omnino
2128 3617 2217 3691 de
2256 3620 2429 3692 ,Deo
2495 3635 2568 3695 et
2636 3639 2906 3700 natura
2973 3626 3311 3720 placitis,
3376 3656 3569 3725 quae
3636 3640 3980 3714 maxime
4042 3648 4221 3726 reti-

1020 3731 1383 3806 nuerunt,
1444 3730 1530 3789 ut
1578 3717 1971 3812 dicuntur,
2043 3718 2360 3816 mystici
2424 3720 2626 3796 haud
2689 3750 2862 3797 raro
2933 3748 3107 3798 vere
3159 3727 3613 3825 philosophi,
3669 3749 3991 3832 quorum
4043 3772 4225 3843 prae

1020 3818 1293 3892 ceteris
1358 3830 1699 3890 nostrum
1786 3819 2310 3916 Theosophum
2389 3822 2892 3897 Teutonicum
2967 3825 3339 3898 Jacobum
3420 3832 3745 3909 Boehme
3822 3848 4220 3944 appellem,

1021 3940 1224 4007 eum,
1277 3916 1404 4013 qui
1457 3918 1672 4016 quasi
1722 3916 1979 3994 divino
2033 3922 2282 3995 afflatu
2335 3947 2685 3998 summae
2736 3924 2950 3998 ideae
3018 3927 3136 3998 vel
3201 3928 3348 4001 Dei
3410 3934 3802 4029 triplicem
3863 3959 4220 4027 naturam

1022 4017 1411 4117 cognovit,
1479 4018 1817 4093 formam
1882 4034 2139 4096 autem
2209 4023 2456 4119 ipsam
2523 4024 3280 4121 imperfectissimam
3345 4034 3673 4127 prodidit
3754 4055 3830 4114 et
3895 4043 4220 4127 horribi-

1015 4120 1213 4210 lem,
1248 4118 1542 4224 'partim
1593 4125 2078 4216 perscrutatis
2130 4124 2629 4220 inspectisque
2680 4139 2994 4202 naturae
3045 4129 3307 4218 rebus,
3358 4134 3478 4208 vel
3526 4144 3986 4234 comparatis
4034 4174 4218 4228 cum

1017 4217 1141 4293 his
1169 4233 1516 4310 yeterum
1545 4220 1889 4324 decretis,
1934 4226 2056 4296 vel
2104 4224 2472 4299 institutis
2523 4226 2739 4300 novis
2788 4228 3348 4327 experimentis.
3454 4233 3615 4327 Qua
3665 4240 3972 4335 quidem
4021 4255 4218 4330 sein

1019 4334 1289 4394 natura
1342 4321 1741 4428 exercendi
1807 4324 2099 4397 ratione
2164 4350 2419 4399 rursus
2479 4327 2978 4424 physicorum
3044 4331 3177 4404 alii
3247 4332 3477 4406 simul
3555 4351 3629 4410 et
3706 4346 4221 4445 metaphysici

1018 4419 1350 4510 fuerunt,
1402 4419 1453 4493 i.
1486 4446 1569 4518 β.
1622 4425 1972 4500 rationali
2024 4449 2083 4498 s.
2142 4425 2655 4525 philosophiae
2701 4430 2991 4505 ratione
3041 4457 3307 4506 rerum
3363 4448 3716 4513 naturam
3767 4469 4218 4542 cognoscere

1017 4521 1452 4615 studebant,
1520 4524 1654 4598 alii
1715 4525 2251 4622 experimentis
2313 4541 2388 4599 et
2444 4527 2744 4626 singula
2815 4533 3034 4610 modo
3095 4548 3227 4607 aut
3289 4533 3757 4635 inspiciendo
3822 4557 3898 4616 et
3942 4571 4216 4650 cogno·

1015 4621 1327 4714 scendo,
1396 4635 1526 4696 aut
1590 4625 1671 4698 in
1743 4626 1945 4701 vitae
2016 4649 2243 4699 usum
2304 4629 2701 4722 vertendo,
2758 4642 2986 4727 quam
3051 4632 3143 4706 ob
3212 4658 3380 4710 rem
3443 4635 3528 4711 hi
3577 4639 3815 4714 etiam
3867 4651 4221 4744 empirici

1014 4723 1527 4799 nominantur.
1606 4722 1947 4822 „Utrique
1996 4740 2254 4800 autem
2307 4752 2391 4801 eo
2458 4732 2956 4822 conveniunt,
3023 4733 3216 4828 quod
3279 4759 3734 4834 cognoscere
3799 4747 4035 4822 velint
4098 4778 4216 4829 re-

1010 4848 1190 4903 rum
1243 4836 1600 4898 naturam
1650 4823 1703 4918 i.
1757 4852 1820 4899 e.
1871 4826 2017 4901 sibi
2067 4827 2469 4903 scientiam
2519 4856 2784 4928 parare
2834 4857 3138 4923 eorum,
3190 4858 3380 4929 quae
3443 4851 3618 4912 sunt
3678 4851 3754 4914 et
3807 4847 3999 4939 ,quid
4061 4851 4216 4929 sint

1010 4937 1085 5003 et
1133 4926 1460 5002 efficiant
1476 4949 1503 5017 5
1549 4925 1850 5026 utrique
1899 4951 2079 5003 sane
2131 4928 2387 5005 divino
2442 4931 2765 5028 quodem
2814 4932 3066 5010 furore
3118 4934 3402 5030 arrepti
3455 4950 3676 5036 atque
3716 4940 4031 5040 impulsi
4082 4978 4211 5028 na.
