4919 5890
2524 557 2638 669 22ς

1249 769 1426 844 ‘Hac
1492 764 1760 867 igitur·
1786 762 2275 866 expositionis
2327 763 2459 842 via
2512 788 2687 842 eam
2734 764 3143 842 stationem
3193 765 3582 845 consecuti
3631 791 3938 870 sumus,
4018 797 4172 875 qua

951 872 1132 946 istos
1181 871 1407 961 viros,
1454 871 1592 971 ,qui
1636 892 1681 945 a
1735 866 2064 947 Graecis
2110 862 2516 965 Sophistae
2568 867 3103 961 nominantur,
3155 867 3640 962 invenimus,
3694 898 3791 948 ex
3843 899 4175 973 quorum

953 973 1203 1048 medio
1270 974 1707 1049 maximum
1771 971 2191 1069 sophistam
2251 966 2652 1045 Socratem
2697 970 3096 1068 »prodiisse
3160 972 3473 1048 scimus.
3577 972 3862 1052 Omnes
3913 996 4177 1057 autem

955 1078 1236 1153 mentis
1271 1100 1471 1166 cum
1507 1075 2013 1175 cogitationes
2063 1087 2231 1147 tum
2284 1069 2498 1146 vitae
2539 1071 2887 1150 actiones
2937 1096 3181 1169 quum
3244 1074 3677 1173 pertineant
3719 1092 3860 1154 aut
3913 1082 4007 1158 ad
4062 1107 4178 1159 so-

951 1174 1314 1256 cietatem
1379 1180 1738 1269 civ-ilem,
1796 1190 1939 1252 aut
2006 1174 2104 1251 ad
2170 1176 2685 1268 voluntatem,
2750 1173 2844 1250 de
2905 1174 3029 1250 his
3076 1176 3487 1277 praecipue
3531 1203 3739 1287 nunc
3784 1180 4176 1283 disputan·
4272 1270 4276 1285 Υ

949 1282 1136 1358 dum
1187 1296 1299 1364 est
1349 1296 1425 1357 et
1472 1276 2095 1379 exquirendum„
4019 1336 4026 1341 .

1250 1383 1740 1478 Quaestiones
1788 1381 2149 1455 somnium
2201 1376 2720 1477 sophistarum
2768 1389 3210 1469 versantur,
3274 1392 3362 1455 ut
3411 1381 3676 1478 paucis
3724 1382 4028 1478 dicam,
4091 1387 4174 1462 in

948 1512 1063 1578 ec,
1104 1486 1298 1584 quid
1350 1510 1621 1561 verum
1672 1486 1773 1560 sit
1824 1497 1898 1559 et
1947 1481 2258 1569 falsum,
2309 1479 2495 1575 quid
2543 1479 2830 1554 bonum
2880 1492 2957 1553 et
3006 1483 3364 1575 malum,
3397 1482 3579 1580 quid
3633 1487 4047 1583 pulchrum
4101 1503 4177 1564 et

950 1605 1211 1684 turpe,
1281 1589 1472 1685 quid
1528 1587 1766 1664 utile?
1898 1581 2185 1678 Quibus
2250 1594 2509 1656 autem
2576 1577 3096 1680 investigatis,
3166 1583 3545 1681 pernicies
3596 1601 3672 1662 et
3732 1588 4034 1665 civibus
4102 1605 4176 1665 et

951 1690 1310 1789 sophistis
1362 1692 1508 1766 hac
1551 1690 1654 1764 de
1698 1709 1937 1765 causa
1992 1695 2162 1759 orta
2210 1695 2363 1776 est,
2420 1682 2622 1781 quod
2672 1683 3198 1781 sophistarum
3262 1684 3805 1785 disputationes
3861 1706 3946 1770 et
4004 1717 4172 1769 ora-

804 1868 817 1883 &
944 1795 1196 1868 tiones
1242 1794 1329 1867 -in
1382 1794 1480 1867 i'is
1535 1791 1752 1865 modo
1817 1790 2305 1865 volverentur
2354 1800 2432 1860 et
2470 1786 2961 1883 quiescerent
3025 1787 3232 1864 vitae
3282 1789 3704 1867 visionibus
3756 1805 3832 1891 et
3881 1795 4171 1893 opinio·

956 1896 1214 1985 nibus,
1284 1920 1470 1991 quas
1524 1894 1848 1991 quisque
1908 1890 2036 1966 sui
2109 1887 2347 1985 ipsius
2410 1901 2643 1986 captu
2704 1912 2978 1964 secum
3041 1888 3197 1967 fert
3263 1905 3337 1966 et
3388 1918 3483 1967 ex
3548 1895 3756 1969 vitae
3806 1897 4049 1993 variis
4098 1912 4173 1975 et

886 2082 887 2085 Ἴ
956 1997 1508 2094 multiplicibus
1560 1992 1984 2071 actionibus
2035 1988 2437 2087 verbisque
2491 1988 2855 2091 colligere
2905 2004 3166 2090 potest.
3267 1992 3514 2069 Omne
3558 1995 3803 2095 igitur
3863 2013 3937 2074 et
3990 2024 4172 2077 sane

873 2123 877 2127 ·
914 2090 921 2095 ’
955 2123 1330 2200 magnum
1375 2121 1645 2175 eorum
1696 2094 2073 2171 meritum
2126 2092 2207 2166 in
2262 2116 2346 2165 eo
2395 2115 2680 2191 ponere
2724 2091 3134 2188 debemus,
3188 2097 3382 2193 quod
3433 2098 3717 2173 mentis
3767 2101 4173 2198 spiritusve

955 2208 1035 2281 in
1086 2200 1251 2278 vita
1292 2201 1641 2276 ‘humana
1703 2198 2033 2274 visiones
2101 2193 2587 2293 actionesque
2653 2219 2750 2270 ex
2816 2195 3195 2293 objectiva
3256 2222 3387 2273 seu
3449 2202 3787 2275 naturali
3853 2204 3937 2278 in
4005 2208 4174 2282 sub·

955 2304 1322 2405 ject'ivam
1380 2301 1756 2378 scientiae
1802 2300 1930 2375 vel
1986 2295 2301 2371 omnino
2354 2321 2398 2371 e
2449 2310 2727 2372 natura
2788 2296 2867 2372 in
2923 2298 3171 2374 animi
3221 2300 3384 2376 sive
3437 2301 3765 2378 idealem
3830 2305 4172 2385 formam

956 2407 1523 2496 transtulerint,
1589 2427 1682 2480 ac
1735 2398 2017 2476 mentis
2061 2421 2400 2474 vacuum
2458 2399 2613 2476 hac
2661 2395 2960 2476 ratione
3010 2402 3340 2479 materia
3387 2406 3606 2501 quasi
3671 2409 4172 2505 expleverint,

957 2525 1034 2585 et
1095 2508 1321 2604 hujus
1387 2505 1762 2582 materiae
1836 2502 2246 2580 scientiam
2315 2502 2954 2602 comparaverint.
3083 2504 3333 2583 Sicuti
3390 2508 3602 2581 enim
3667 2508 4169 2611 physicorum

957 2611 1441 2690 Graecorum
1488 2606 1828 2685 studium
1876 2603 1961 2679 id
2016 2604 2363 2679 maxime
2414 2605 2829 2703 spectavit,
2896 2620 3077 2702 quot
3142 2618 3275 2682 aut
3329 2634 3530 2706 quae
3587 2611 3673 2686 in
3722 2638 3987 2689 rerum
4037 2641 4169 2693 na·

953 2731 1129 2791 tura
1174 2726 1429 2788 essent
1478 2709 1859 2810 principia
1911 2709 2040 2781 vel
2090 2708 2506 2798 elementa,
2572 2718 2794 2804 atque
2857 2706 2977 2782 his
3028 2708 3588 2788 universalibus
3633 2717 3999 2811 ponendis
4044 2744 4169 2817 pe·

951 2816 1289 2894 riculum
1338 2814 1724 2889 fecerunt:
1796 2810 2008 2887 idem
2059 2809 2302 2884 etiam
2351 2809 2767 2908 sophistae,
2819 2809 3062 2887 secuti
3109 2812 3317 2889 viros
3367 2813 3537 2905 illos
3586 2818 3956 2915 politicos,
3991 2834 4173 2920 quos

953 2914 1244 2997 Graeci
1289 2913 1545 3009 σοφούς
1595 2914 1648 2988 i.
1691 2940 1762 2990 e.
1809 2912 2183 3011 sapientes
2236 2925 2311 2988 et
2363 2910 2767 3010 prudentes
2819 2911 2903 2987 in
2960 2912 3183 2991 rebus
3233 2916 3592 3018 civilibus
3646 2922 4168 3015 nominabant,

954 3024 1037 3098 in
1089 3019 1314 3095 rebus
1365 3014 1679 3107 ethicis,
1733 3014 2071 3113 politicis
2137 3038 2227 3089 ac
2296 3012 2723 3089 dialecticis
2794 3017 3092 3091 efficere
3135 3019 3409 3092 *conati
3461 3034 3679 3100 sunt.
3781 3023 4034 3121 Atque
4084 3033 4172 3101 ut

960 3124 1271 3197 illorum
1339 3116 1681 3191 doctrina
1745 3131 2120 3216 postremo
2184 3116 2535 3190 maxime
2601 3115 3067 3217 Anaxagora
3127 3132 3207 3192 et
3270 3120 3727 3219 Empedocle
3784 3128 4169 3223 praeunti-

954 3226 1093 3300 bug
1134 3213 1338 3293 ‘reah'
1387 3216 1766 3319 Leucippi
1817 3233 1891 3296 et
1935 3217 2365 3293 Democriti
2419 3220 2834 3295 atomismo
2881 3232 2993 3294 est
3042 3218 3285 3306 finita,
3337 3221 3603 3298 eodem
3649 3223 3894 3301 etiam
3948 3223 4174 3304 modo

955 3321 1416 3425 sapientium
1469 3344 1601 3396 seu
1653 3322 1889 3415 σοφῶν
1930 3317 2418 3398 Graecorum
2467 3319 2810 3397 studium
2856 3318 3294 3418 spiritualis
3341 3325 3824 3405 sive·idealis
3844 3330 4167 3428 quidam

949 3427 1460 3528 sophistarum
1513 3422 1965 3499 atomismus
2004 3424 2409 3499 conclusit.

1248 3526 1341 3602 In
1391 3525 1540 3602 hac
1589 3547 1893 3616 rerum,
1960 3525 2465 3602 scientiarum
2525 3521 3070 3620 actionumque
3133 3537 3209 3599 et
3273 3524 3719 3620 divinarum
3768 3543 3848 3607 et
3896 3531 4170 3612 huma-

957 3651 1235 3709 narum
1306 3625 1519 3702 c'lade
1584 3640 1890 3701 exortus
1944 3641 2063 3702 est
2115 3628 2509 3704 maximus
2561 3625 2692 3698 ille
2742 3648 3113 3721 verusque
3162 3627 3496 3724 sophista
3542 3630 3944 3726 Socrates,
4010 3639 4167 3735 qui,

955 3737 1102 3810 hac
1152 3730 1385 3805 ruinta
1439 3729 1731 3819 effecta,
1782 3729 2326 3830 elementisque
2370 3725 2734 3802 omnibus
2781 3724 3186 3817 discussis,
3217 3754 3504 3832 novum
3556 3746 3630 3807 et
3678 3734 4045 3813 scientiae
4093 3753 4170 3814 et

954 3834 1370 3936 sapientiae
1434 3828 1775 3905 formam
1836 3831 2154 3927 protulit
2220 3832 2527 3928 ejusque
2588 3843 2662 3904 et
2723 3825 3386 3906 adumbrationem
3440 3848 3518 3910 et
3576 3835 4165 3914 fundamentum

958 3934 1290 4032 reliquit.
1390 3931 1599 4032 Etsi,
1649 3945 1738 4007 ut
1784 3931 2157 4032 sophista,
2225 3931 2580 4008 omnibus
2634 3929 2715 4003 in
2762 3929 3399 4030 disputationibus
3450 3951 3526 4014 et
3576 3940 4164 4037 expositioni-bus

959 4034 1430 4116 exordiretur
1493 4059 1538 4110 a
1603 4033 1925 4134 singulis
1988 4034 2408 4110 visionibus
2474 4048 2552 4110 et
2599 4030 3124 4129 opinionibus3
3215 4051 3553 4116 attamen
3617 4041 3700 4114 in
3769 4039 3889 4114 his
3955 4040 4161 4118 haud

962 4135 1505 4236 conquieverit,
1556 4134 1687 4211 sed
1734 4137 2058 4235 singulis
2116 4135 2497 4213 disso'lutis
2549 4136 2632 4209 in
2670 4159 2946 4213 eorum
2998 4141 3396 4233 elementa,
3436 4167 3602 4216 rem
3634 4142 3728 4217 ad
3754 4142 4164 4222 veritatem

961 4245 1125 4319 siv-e
1174 4237 1408 4328 ideas,
1449 4263 1651 4336 quae
1696 4238 1978 4334 cuique
2030 4239 2145 4312 rei
2190 4238 2611 4314 substratae
2660 4251 2874 4328 sunt,
2926 4240 3278 4338 perduxit
3326 4242 3462 4334 ita,
3513 4258 3600 4317 ut
3651 4258 3990 4321 mentem
4041 4275 4165 4325 ra-

960 4347 1396 4437 tionemque
1438 4341 1698 4415 omnis
1751 4340 1955 4423 veri,
2016 4339 2199 4415 ‘boni
2262 4338 2721 4439 ,pulchrique
2772 4363 3083 4416 causam
3130 4357 3214 4416 et
3259 4343 3600 4441 judicem
3651 4345 4040 4445 probaret,
4092 4364 4169 4425 et

942 4439 1345 4547 ‘opiniones
1413 4445 1890 4539 visionesque
1952 4440 2097 4516 hoc
2170 4441 2393 4516 modo
2468 4441 2566 4518 ad
2626 4441 2988 4535 notionis,
3073 4443 3376 4543 singula
3449 4447 3544 4521 ad
3608 4448 4166 4526 universalium

956 4547 1413 4649 dignitatem
1479 4567 1928 4644 promovere
1990 4543 2500 4620 contenderet.
2628 4543 2951 4642 Aperuit
3022 4545 3308 4648 igitur,
3375 4551 3495 4622 vel
3545 4550 3956 4627 innumera
4008 4555 4166 4651 opi·

957 4651 1275 4727 nionum
1305 4648 1559 4744 capita
1587 4643 2066 4738 concludens,
2118 4647 2242 4721 vel
2293 4646 2583 4722 rivulos
2625 4645 2713 4720 in
2747 4659 2973 4738 eum,
3015 4648 3153 4746 qui
3207 4648 3529 4742 videtur,
3581 4652 3887 4727 alveum
3935 4652 4172 4730 dedu--

952 4777 1155 4844 cens,
1206 4772 1437 4823 verae
1485 4763 1561 4824 et
1611 4770 1878 4825 rerum
1930 4762 2006 4822 et
2043 4748 2173 4823 sui
2222 4748 2593 4825 scientiae
2637 4747 2957 4824 fontem.

1248 4852 1446 4925 Nam
1494 4874 1736 4947 quum
1784 4874 2004 4932 mens
2053 4849 2192 4926 sub
2245 4850 2754 4950 sophistarum
2802 4852 3056 4949 specie
3101 4851 3224 4926 sui
3271 4864 3667 4949 tamquam
3722 4851 3993 4947 inscia,
4037 4880 4162 4930 ex-

948 4952 1185 5030 ternis
1235 4975 1503 5027 rerum
1553 4966 1629 5027 et
1673 4953 2071 5030 notionum
2122 4952 2309 5029 visis
2368 4951 2582 5051 quasi
2631 4950 2959 5047 iusisset,
3011 4952 3256 5050 iisque
3302 4966 3492 5030 esset
3542 4953 4163 5056 gloriata,·nunc

950 5053 1043 5130 ad
1122 5055 1506 5132 internum
1571 5054 1938 5133 scientiae
2004 5056 2295 5132 fontem
2346 5056 2468 5148 ‚iis
2519 5054 2894 5144 reductis,
2957 5077 3315 5132 ‘summae
3373 5055 3802 5134 severitatis
3870 5054 4158 5135 faciem
