4919 5890
2639 545 2730 620 48

1089 751 1625 856 explicandam
1674 747 1948 827 incitat
2000 774 2090 826 ac
2142 766 2557 850 promovet.
2659 755 2821 829 Non
2876 776 3026 829 una
3081 767 3191 829 est
3242 749 3463 827 modo
3479 806 3503 846 ,
3554 751 3681 829 sed
3732 752 4161 853 sua-ipsius
4212 752 4293 826 vi

1092 853 1822 956 atqueexpositione
1871 850 2110 927 etiam
2166 854 2497 928 multum
2552 854 2942 932 etmulta.
3047 855 3474 952 Explicat-io
3530 867 3788 929 autem
3843 855 4006 953 ipsa
4073 852 4295 951 miri-

1087 960 1235 1036 fica
1285 956 1616 1055 quadam
1664 953 1961 1029 ratione
2012 968 2233 1049 atque
2283 967 2445 1028 arte
2499 955 2591 1028 ad
2636 956 2930 1044 triadis,
2986 980 3176 1051 quae
3241 955 3474 1029 ideae*
3524 956 3758 1053 ipsius
3825 971 3936 1032 est
4000 970 4302 1045 natura,

1090 1054 1817 1159 speciem.instituta
1869 1068 2004 1144 est,
2059 1069 2280 1150 atque
2334 1081 2480 1130 non
2536 1056 2617 1129 in
2670 1082 2857 1155 puro
2911 1060 3158 1129 solum
3210 1056 3423 1130 ideae
3476 1059 3888 1150 elemento,
3940 1054 4137 1155 quod
4198 1057 4301 1128 lo-

1091 1163 1353 1261 gicam
1395 1169 1470 1232 et
1514 1154 2157 1253 metaphysicam.
2195 1153 2494 1246 dicunt,
2560 1181 2832 1231 verum
2904 1154 3141 1233 etiam
3210 1170 3557 1231 concreto
3611 1161 3731 1230 vel
3769 1157 3851 1231 in
3907 1172 4178 1233 natura
4227 1166 4304 1229 et

1016 1330 1019 1333 .
1086 1264 1276 1350 vita,
1327 1256 1595 1356 quibus
1643 1256 1987 1350 utrisque
2054 1256 2483 1331 continetur
2545 1272 2861 1333 naturae
2933 1272 3007 1331 et
3053 1256 3365 1355 spiritus
3415 1258 3929 1356 philosophia,
3996 1257 4302 1333 demon-

1091 1374 1328 1437 strata
1381 1373 1607 1452 atque
1662 1355 1994 1430 inducta.
2527 1389 2540 1393 ·
2747 1372 2748 1375 ’
4183 1400 4188 1409 ·
4277 1410 4280 1411 ν

1387 1461 1557 1532 Hoc
1609 1481 1790 1529 vere
1837 1454 2195 1530 'rationali
2250 1456 2470 1530 modo
2527 1485 2620 1531 ex
2671 1483 2822 1531 una
2891 1471 2965 1532 et
3031 1457 3363 1533 absoluta
3430 1454 3598 1530 idea
3663 1456 4008 1557 singulae
4074 1455 4303 1531 unius

1091 1562 1176 1635 vi
1229 1584 1321 1635 ac
1371 1570 1729 1658 potestate
1782 1569 2240 1633 enascuntur
2291 1572 2366 1631 et
2417 1584 2647 1655 aeque
2699 1582 2880 1632 cum
2934 1584 3124 1651 uno,
3161 1572 3381 1656 atque
3433 1559 3637 1631 inter
3684 1582 3764 1632 se
3815 1558 4304 1660 cohaerentes

1093 1688 1176 1739 se
1226 1662 1427 1756 ipsas
1480 1656 1875 1749 affirmant
1921 1670 1996 1732 et
2046 1671 2349 1756 negant.
2458 1659 2615 1752 Quo
2670 1673 2924 1732 autem
2971 1661 3172 1735 facto
3226 1659 3551 1734 notionis
3581 1657 3853 1743 'forma
3905 1681 4035 1732 seu
4087 1655 4303 1730 ideae

1095 1761 1361 1837 anima
1412 1771 1755 1833 constant
1806 1771 1881 1830 et
1938 1781 2156 1832 suam
2221 1783 2558 1855 quaeque
2606 1763 3025 1836 secundum
3080 1759 3315 1859 ipsius
3367 1775 3762 1851 naturam,
3828 1782 4061 1853 quam
4115 1778 4300 1832 'con-

1092 1862 1304 1956 sequi
1370 1871 1643 1956 potest,
1704 1856 2256 1955 perfectionem
2320 1859 2510 1957 petit
2569 1873 2643 1932 et
2692 1860 3168 1950 libertatem,
3222 1885 3410 1957 quae
3465 1886 3613 1935 non
3666 1860 3815 1934 nisi
3868 1858 4193 1933 notionis
4244 1883 4300 1932 s.

1090 1961 1471 2060 spirituali
1518 1958 1813 2032 ratione
1857 1971 1933 2031 et
1985 1982 2164 2033 cum
2215 1962 2486 2033 ceteris
2537 1961 2876 2035 universi
2927 1960 3118 2036 ideis
3169 1975 3243 2034 et
3292 1961 3569 2037 unione
3622 1975 3697 2035 et
3762 1958 4303 2034 communione

1090 2088 1251 2139 esse
1300 2073 1556 2158 potest.
1660 2056 1747 2131 ld
1794 2082 2036 2132 unum
2089 2058 2514 2135 ahsolutum
2566 2059 2827 2159 igitur·
2859 2062 3226 2160 appellari
3271 2062 3451 2136 licet
3519 2086 3663 2136 non
3734 2063 3980 2135 solum
4045 2060 4302 2134 ideam

1086 2163 1443 2239 ,idearum
1505 2158 1835 2250 (Wesen
1889 2157 2024 2234 der
2073 2159 2450 2252 Wesen),
2519 2172 2595 2232 et
2654 2186 2821 2234 rem
2887 2186 3149 2237 rerum
3218 2164 3340 2235 vel
3406 2162 3563 2236 visa
3627 2161 3970 2236 visorum
4020 2162 4302 2249 (Sache

1078 2264 1229 2339 der
1261 2260 1664 2348 'Sachen),
1730 2257 1860 2332 sed
1922 2272 1996 2330 et
2063 2262 2446 2333 notionem
2512 2263 2907 2335 notionum
2955 2266 3215 2361 (Ding
3265 2259 3400 2336 der
3450 2264 3704 2362 Dinge
3754 2265 3877 2336 vel
3931 2260 4301 2337 Gedanke

1091 2364 1231 2443 der
1290 2359 1805 2448 Gedanken)3
1867 2357 2054 2431 haec
2118 2360 2273 2432 tria
2334 2359 2656 2455 denique
2725 2361 2934 2434 idem
3004 2386 3245 2434 unum
3314 2361 3950 2456 efficiunt,.quod
4014 2375 4098 2432 ut
4148 2360 4298 2458 pri-

1093 2472 1438 2537 mumet
1490 2457 1957 2556 principium
2011 2470 2144 2551 est,
2196 2459 2304 2531 ita
2348 2473 2783 2534 extremum
2837 2474 2910 2534 et
2964 2459 3137 2534 finis
3189 2454 3312 2550 sit,
3365 2474 3437 2532 et
3492 2461 3633 2534 hoc
3697 2460 3855 2555 ipso
3926 2482 4151 2533 cursu
4218 2484 4298 2532 se

1091 2564 1190 2640 ad
1238 2587 1318 2638 se
1366 2560 1621 2657 ipsum
1678 2568 2102 2648 revertens,
2147 2559 2443 2653 Deique
2496 2573 2853 2634 naturam
2906 2561 2986 2634 vi
3033 2559 3370 2635 rationis
3434 2560 3818 2658 explicans
3876 2582 4120 2657 unum
4191 2573 4297 2631 to-

1088 2680 1260 2740 tum
1311 2659 1717 2735 constituat
1770 2682 2069 2733 necesse
2119 2673 2253 2734 est.
2302 2701 2406 2717 —
4263 2680 4272 2685 ’

1391 2757 1544 2835 Cui
1611 2758 1803 2833 levis
1868 2760 2058 2833 haec
2129 2761 2365 2834 nostri
2431 2758 2775 2855 opusculi
2842 2759 3355 2850 adumbratio,
3417 2758 3511 2832 ad
3582 2781 3814 2856 quam
3875 2759 4095 2848 huius
4149 2759 4302 2832 viri
4415 2760 4418 2763 ’

1088 2865 1449 2963 spiritum
1465 2900 1517 2951 ,·
1559 2857 1754 2954 quod
1823 2875 2277 2961 agnoscatur
2339 2861 2458 2935 fas
2523 2873 2675 2952 est,
2742 2883 2915 2958 prae
2979 2859 3253 2935 ceteris
3326 2883 3459 2934 nos
3520 2859 3916 2958 impulisse
3978 2855 4303 2932 libenter

1091 2962 1636 3050 concedamus»,
1704 2983 1851 3034 non
1917 2959 2295 3051 sufficiat,
2347 2960 2625 3055 quique
2676 2963 3129 3058 ampliorem
3183 2962 3406 3055 hujus
3458 2961 3848 3034 doctrinae
3906 2959 4299 3058 expositio-

1092 3090 1275 3140 nem
1329 3059 1732 3134 desideret:
1787 3085 1967 3133 eum
2020 3061 2114 3134 ad
2169 3058 2593 3155 philosophi
2657 3063 2896 3133 nostri
2954 3062 3190 3157 ipsius
3253 3083 3476 3157 opera
3546 3075 3620 3132 et
3681 3059 4148 3150 doctrinam,
4217 3073 4300 3134 u't

1097 3166 1237 3239 illa
1290 3175 1364 3236 et
1405 3158 1748 3233 conferat
1806 3172 1881 3231 et
1931 3159 2011 3231 in
2061 3181 2284 3232 suum
2339 3171 2785 3249 commutet,
2837 3160 3346 3235 adhortemur.
4099 3197 4104 3200 -

1082 3329 1085 3338 .
1390 3262 1559 3333 Hoc
1624 3261 2010 3354 praeclaro
2048 3256 2296 3332 »modo
2364 3259 2729 3357 Hegelius
2796 3258 2981 3335 illud
3051 3260 3468 3334 discrimen
3531 3273 3605 3333 et
3669 3260 4041 3357 spatium,
4100 3260 4296 3357 quod

1094 3359 1574 3440 exoriebatur
1617 3359 1816 3432 inter
1864 3359 2332 3457 principium
2378 3373 2453 3432 et
2501 3361 2735 3433 finem
2789 3361 2869 3435 in
2921 3360 3208 3435 Fichtii
3259 3385 3445 3457 pure
3485 3359 3834 3435 rationali
3873 3361 4293 3455 idealismo‘,

1090 3470 1294 3540 inter
1324 3459 1730 3550 Fichtium
1786 3473 1860 3533 et
1911 3458 2505 3558 Schellingium,
2558 3484 2712 3550 seu,
2766 3463 2866 3534 sit
2917 3462 3143 3537 venia
3192 3460 3484 3550 verbis,
3550 3460 3752 3558 inter
3819 3477 4159 3537 mentem
4225 3483 4297 3540 et

1093 3579 1490 3650 naturam,
1550 3584 1725 3633 vere
1776 3559 1885 3632 ita
1933 3560 2301 3649 extinxit,
2365 3574 2453 3634 ut
2520 3561 2990 3659 principium
3058 3563 3344 3636 ratione
3409 3561 3599 3635 duce
3663 3564 3784 3635 vel
3843 3578 4000 3638 arte
4068 3563 4293 3639 diale-
4352 3562 4356 3566 ’

1090 3666 1288 3741 ctiea
1320 3689 1453 3763 per
1502 3661 1880 3735 naturales
1913 3660 2199 3757 species
2222 3659 2433 3733 viam
2469 3661 2565 3734 ad
2611 3664 2870 3751 finem,
2902 3662 3094 3758 quod
3124 3661 3602 3763 principium,
3618 3676 3755 3753 est,
3784 3663 4295 3760 reduceretur.

1304 3833 1309 3840 ,
1386 3763 1501 3833 In·
1541 3758 1712 3833 idea
1779 3759 1988 3831 enim
2051 3762 2610 3859 naturali-smus
2681 3775 2755 3832 et
2831 3761 3450 3860 spiritualismus·
3512 3801 3613 3817 —
3684 3778 4028 3860 extrema
4117 3791 4296 3842 sane

1093 3860 1527 3948 idealitatis,
1576 3901 1683 3915 --
1730 3858 2147 3930 reali-smus
2195 3871 2268 3930 et
2313 3858 2794 3951 idealismuS,
2844 3883 3167 3957 quorum
3235 3885 3475 3935 unum
3546 3886 3728 3936 cum
3780 3881 4076 3955 morte,
4116 3869 4297 3942 alte-

1093 3987 1268 4040 rum
1319 3983 1502 4036 cum
1554 3958 1749 4049 vita,
1801 3956 1868 4033 si
1921 3983 2167 4033 unum*
2206 3959 2300 4034 ab
2355 3963 2590 4035 altero
2651 3961 3132 4053 abstraxeris,
3188 3959 3621 4060 comparari
3676 3965 3892 4056 licet,
3964 3967 4072 4037 ita
4123 3989 4295 4042 con-

1091 4071 1532 4163 junguntur,
1585 4072 1669 4141 ut
1722 4062 1957 4135 altera
2008 4074 2221 4158 parte
2274 4075 2769 4153 constantem,
2823 4064 3062 4137 altera
3115 4077 3368 4138 autem
3424 4089 3574 4137 non
3625 4080 4095 4140 constantem
4136 4091 4293 4164 spe—

1091 4166 1296 4239 ciem
1349 4184 1529 4257 prae
1579 4184 1657 4232 se
1703 4159 1996 4250 ferant,
2047 4161 2174 4235 sed
2228 4187 2417 4257 quae
2468 4178 2543 4237 et
2592 4177 2917 4259 quantae
2968 4164 3122 4238 sint
3167 4166 3452 4262 species
3503 4159 3580 4239 et
3622 4163 3942 4262 formae,
3985 4169 4295 4242 omnino

1089 4286 1354 4340 omnes
1405 4259 1871 4335 necessariae
1922 4259 2278 4334 videntur
2347 4277 2420 4336 et
2479 4264 2735 4339 unitae
2799 4277 2873 4339 et
2935 4265 3278 4362 singulae
3330 4263 3424 4339 ad
3481 4259 4079 4342 constituendam
4145 4270 4296 4367 pri-

1094 4387 1336 4453 mam,
1388 4377 1619 4454 qu'am
1667 4375 1915 4438 noster
1967 4359 2204 4450 «locet,
2262 4377 2337 4435 et
2385 4388 2776 4439 summam
2831 4363 3136 4459 quidem
3185 4363 3565 4440 idealismi
3619 4367 3981 4442 formam.
4239 4457 4244 4462 ι

1132 4483 1135 4486 “
1260 4515 1297 4544 f.
1388 4458 1541 4544 Cui
1595 4459 1786 4556 quod
1838 4484 2115 4535 nomen
2151 4462 2653 4559 imponemus,
2697 4466 3172 4565 interrogas?
3278 4459 3566 4556 Nescio,
3614 4469 3793 4563 quid
3836 4470 3982 4562 vis!
4034 4481 4296 4543 utrum

1095 4562 1482 4649 realismi,
1546 4584 1641 4635 an
1710 4562 2129 4652 idealismi,
2197 4577 2327 4637 aut
2391 4567 2598 4640 aliud
2665 4564 3093 4662 quoddam?
3145 4608 3284 4625 -·
3351 4565 3673 4659 Omnia,
3730 4568 3925 4658 dico,
3979 4570 4165 4644 haec
4220 4570 4294 4642 ei

1094 4669 1482 4762 importata,
1548 4662 1615 4736 si
1663 4663 1846 4738 libet
1899 4678 2003 4738 et
2038 4674 2338 4753 necesse
2398 4666 2737 4754 videtur,
2808 4679 2937 4739 aut
3003 4665 3327 4740 nullum.
3432 4668 3578 4741 Sed
3632 4669 3697 4743 si
3749 4669 4124 4765 quoddam
4181 4674 4294 4743 vi-

1093 4768 1397 4853 deatur,
1450 4762 1829 4857 nomines,
1880 4777 2189 4860 quaeso,
2237 4788 2415 4841 eum
2464 4767 3005 4856 Idealismum,
3056 4782 3130 4841 et
3174 4768 3240 4842 si
3290 4765 3741 4860 distinctius,
3794 4772 4089 4844 ratione
4130 4795 4296 4869 per·-

1077 4864 1373 4959 fectam
1446 4885 1500 4934 s.
1558 4863 2038 4941 rationalem.
2089 4910 2194 4924 —

2124 5031 3247 5065 w*

4469 4743 4500 4756 Ἦ
