4919 5890
2506 564 2594 633 38

950 767 1285 867 „stagnei
1330 780 1588 843 antem
1624 789 1823 841 :non
1850 765 2267 882 ”flussjstlir
2310 766 2440 844 sed
2469 768 2892 863 “ssrationalh
2950 774 3193 872 ideqle
3247 795 3323 857 et
3378 780 3601 857 reale'
3627 785 4165 887 conjungente,

951 874 1173 952 modo
1218 867 1791 968 comprehensa.
1889 868 2308 961 Attr1buta‚
2358 870 2556 945 dicit
2597 873 2964 971 ‘Spinozag
3014 879 3400 980 duplicem
3450 897 3735 960 statum
3796 887 4009 985 quasi
4062 902 4166 963 te·

947 1003 1155 1069 nere,
1186 970 1383 1049 xsu'nt
1433 969 1791 1044 videlicet
1841 973 1986 1043 aut‘
2019 992 2144 1041 res
2176 970 2569 1065 'cog-itam,
2619 988 2897 1052 autres
2947 993 3288 1077 extensa,
3342 985 3393 1064 i.
3448 1010 3551 1077 e.,
3600 987 3670 1062 si
3721 1014 3764 1062 e
3814 1003 4165 1065 veterum

946 1074 1611 1168 recentiorumque
1656 1094 1882 1145 sensu
1935 1073 2362 1166 loquamur,
2418 1088 2550 1149 aut
2598 1074 2816 1150 ideae
2857 1104 3122 1176 purae,
3176 1100 3310 1160 aut
3362 1086 3580 1161 ideae
3619 1089 3891 1182 reales,
3928 1092 4167 1190 aSpi-

948 1206 1135 1261 nona
1201 1177 1369 1276 ipso,
1429 1199 1552 1249 res
1600 1172 1905 1246 iamne
1961 1171 2276 1249 dictae.'
2349 1171 2563 1251 Cum
2615 1180 2974 1280 cogitatio
3027 1198 3287 1261 autem
3339 1185 3503 1285 ipsa
3553 1193 4166 1294 seu2'cogitatum

946 1282 1399 1363 attributum
1448 1275 1599 1351 Dei
1650 1276 1773 1364 sit,
1820 1273 1988 1348 sive
2016 1282 2278 1350 actum
2330 1275 2640 1354 divinae
2689 1282 2992 1374 mentis,
3045 1285 3125 1360 id
3167 1288 3438 1373 ffactum
3493 1314 3622 1366 seu
3674 1295 3955 1372 mentis
3991 1318 4166 1371 con-

945 1400 1252 1487 ceptum
1308 1379 1630 1478 Spinoza
1700 1376 1954 1449 ideam
2009 1377 2399 1473 nominat,
2469 1405 2559 1455 ac
2626 1406 2896 1461 revera
2949 1401 3205 1465 nostra
3255 1390 3426 1468 idea
3474 1417 3676 1491 pura·
3723 1409 3858 1473 est.
3958 1401 4167 1479 Deus

858 1511 862 1515 ·
945 1503 1199 1567 autem
1267 1483 1504 1561 simul
1568 1478 1689 1554 sui
1751 1491 1827 1553 et
1885 1503 2200 1553 suorum
2267 1481 2803 1573 attributorum
2857 1485 3085 1566 habet
3136 1488 3367 1584 ideas,
3397 1494 3474 1567 -i.
3527 1520 3588 1569 e.
3645 1498 3766 1572 sui
3818 1498 4040 1577 Entis
4090 1512 4164 1572 et

943 1592 1091 1671 sub
1133 1586 1362 1662 unius
1419 1598 1494 1657 et
1544 1579 1970 1653 multorum
2036 1580 2335 1681 specie,
2404 1608 2672 1660 omnes
2738 1588 2984 1687 igitur
3049 1592 3399 1695 singulae
3449 1596 3600 1672 Dei
3647 1597 3870 1676 ideae
3919 1600 4161 1699 perci·

944 1696 1255 1796 piantur
1317 1688 1478 1782 ejus
1542 1681 2016 1787 definitiones
2084 1708 2176 1759 ac
2226 1681 2726 1763 limitationes
2779 1716 3081 1768 necesse
3134 1710 3280 1789 est,
3353 1710 3425 1771 et
3476 1722 3716 1775 unum
3771 1694 4159 1777 infinitum

940 1796 1077 1873 sub
1131 1789 1380 1890 specie
1430 1783 1634 1860 finiti
1685 1783 1878 1857 entis
1929 1784 2440 1860 manifestent.
2504 1789 2707 1882 ·Quo
2771 1791 3012 1875 etiam
3086 1795 3256 1872 fieri
3326 1811 3603 1898 potest,
3666 1816 3754 1875 ut
3811 1805 4179 1902 singulae·

939 1899 1155 1974 ideae
1206 1897 1437 1989 q‘uam
1486 1886 1716 1960 unius
1767 1886 1816 1958 i.
1870 1910 1933 1959 e.
1986 1886 2176 1979 Dei,
2226 1900 2391 1993 tam
2443 1891 2568 1963 sui
2614 1891 3244 1994 singularumque
3311 1924 3572 1978 veram
3638 1907 4164 2004 cognitionem

930 2025 1032 2077 ac
1090 1990 1498 2072 scientiam
1563 1990 1724 2085 jam
1792 2012 1928 2084 per
1989 2012 2069 2062 se
2121 1989 2519 2067 retineant.
2613 1974 2875 2086 Quum
2927 2012 3187 2074 autem
3234 2002 3395 2097 jam
3451 2003 3820 2081 radicitus
3870 2026 4038 2081 esse
4085 2019 4162 2082 et

938 2097 1282 2196 cog-itare
1343 2115 1584 2169 unum
1624 2087 2006 2185 idemque
2068 2091 2263 2181 sint,
2326 2092 2699 2190 explicato
2768 2104 3087 2196 utroque
3147 2115 3221 2175 et
3295 2104 3376 2177 in
3427 2129 3577 2179 uno
3627 2112 3935 2206 semper
3983 2130 4158 2185 con·

936 2215 1181 2289 creto,
1249 2195 1517 2273 eadem
1585 2193 2029 2281 necessitate
2093 2191 2358 2268 divina
2423 2218 2515 2268 ac
2580 2198 2951 2292 potentia,
3011 2199 3190 2277 ordo
3262 2216 3339 2278 et
3389 2208 3754 2283 connexio
3809 2202 4166 2286 idearum

934 2302 1231 2392 eadem,
1283 2312 1503 2393 atque
1551 2291 1732 2365 ordo
1793 2306 1866 2367 et
1919 2293 2599 2368 connexio-rerum
2650 2298 2751 2372 sit
2803 2314 3105 2378 necesse
3156 2319 3292 2380 est.
4139 2352 4144 2363 -

1017 2408 1022 2414 ’
1234 2400 1495 2494 Itaque
1561 2417 1826 2469 omnes
1886 2392 2100 2469 ideae
2172 2396 2293 2468 vel
2357 2397 2855 2496 cogitationes
2923 2442 3030 2461 —-
3071 2406 3353 2504 quippe
3416 2408 3613 2504 quod
3672 2435 4159 2511 unaquaeque

935 2504 1110 2580 idea
1174 2497 1695 2599 cognitionem
1759 2496 2274 2593 cujuscunque
2318 2495 2456 2571 “rei
2508 2497 2856 2576 involvat*
2895 2544 3003 2562 -
3061 2520 3428 2602 quatenus
3495 2508 3589 2585 ad
3639 2512 3906 2587 Deum‘
3962 2514 4156 2589 refe-

935 2618 1228 2691 rantur,
1281 2600 1335 2676 i.
1388 2622 1455 2675 e.
1501 2621 1689 2695 puro
1740 2597 1970 2671 unius
2015 2596 2449 2693 infinitique
2475 2600 2623 2673 Dei
2672 2602 2887 2698 quasi
2941 2606 3311 2705 elemento
3361 2635 3417 2683 s.
3463 2606 4156 2714 substantiainspi-

936 2707 1263 2791 ciuntur,
1317 2724 1545 2774 verae
1598 2711 1807 2790 sunt3
1861 2699 2134 2797 quippe
2177 2698 2377 2796 quod·
2424 2699 2507 2773 in
2561 2703 2721 2775 Deo
2776 2703 2993 2780 ideae
3056 2721 3131 2781 et
3195 2734 3316 2784 res
3383 2710 3677 2789 ideatae
3742 2706 4156 2815 adaequate

935 2804 1432 2894 conveniant3
1484 2814 1848 2897 quatenus
1899 2813 2156 2875 autem
2211 2800 2545 2899 cognitio
2597 2802 2689 2878 ad
2739 2808 3038 2904 singula
3090 2809 3422 2886 refertur
3485 2820 3707 2913 (quas
3761 2816 4157 2896 Car-tesius

826 2924 831 2927 ’
933 2913 1025 2991 ab
1075 2904 1406 3003 externis
1455 2902 1923 3006 singulisque
1975 2919 2322 3003 acceptas
2363 2901 2571 2979 ideas
2638 2913 2913 3001 vocat)
2980 2908 3434 3010 imperfecta
3501 2933 3578 2992 et
3633 2912 3953 3003 ¹confusa
4017 2937 4152 2998 est.

931 3013 1081 3111 Qui
1133 3005 1590 3085 autem.sibi
1643 3004 1933 3078 aeterni
1996 3019 2074 3078 et
2137 3004 2423 3080 infiniti
2488 3006 2709 3082 Entis
2777 3032 2907 3084 seu
2957 3009 3109 3088 Dei
3174 3016 3692 3114 cognitionem
3756 3037 4154 3119 comparat
4205 3049 4208 3052 ’

780 3125 839 3174 ’-
919 3117 1008 3193 ἐἰ
1059 3111 1324 3189 omnia
1374 3104 1680 3204 cognita
1734 3104 1811 3177 in
1866 3104 2028 3179 Deo
2083 3104 2463 3197 intuetur,
2532 3131 2612 3182 se
2665 3108 2918 3208 ipsum
2970 3128 3047 3188 et
3094 3139 3217 3188 res
3267 3115 3413 3189 scit
3469 3117 3550 3192 in
3620 3121 3817 3210 Deo,
3878 3135 3955 3196 et
4021 3148 4156 3219 per

929 3222 1205 3295 Deum.
1314 3204 1913 3281 profundissima
1967 3220 2224 3280 autem
2278 3232 2613 3303 quaeque
2656 3213 2993 3310 cognitio
3043 3213 3459 3309 adaequata
3505 3227 3585 3290 et
3621 3220 3982 3298 ‚absoluta
4033 3221 4156 3298 m·

917 3343 1109 3400 mum
1158 3312 1394 3389 simul
1440 3322 1523 3378 ⁴et
1554 3306 1713 3379 *Dei
1759 3320 1891 3379 est.
1993 3309 2253 3402 Itaque
2305 3308 2387 3380 in
2444 3311 2603 3392 sola
2652 3311 2802 3385 Dei
2852 3312 3287 3414 cognitione
3339 3315 3686 3395 consistit
3748 3345 4150 3402 summum

928 3425 1211 3496 bonum
1259 3410 1721 3496 humanum,
1772 3430 2227 3504 summaque
2279 3405 2631 3485 felicitas.
2678 3455 2782 3470 ...-
3361 3409 3366 3415 ·

960 3541 965 3544 ’
1228 3511 1523 3587 Eadem
1572 3505 1762 3597 fere,
1814 3533 2011 3605 quae
2059 3500 2546 3586 de›‘Cartesii
2592 3509 2978 3587 idealismi
3017 3510 3268 3590 forma
3325 3515 3687 3617 diximus,
3743 3523 3835 3600 de
3881 3525 4146 3626 Spino-

928 3618 1192 3698 2istica
1255 3635 1551 3712 quoque
1614 3608 1771 3683 dici
1840 3624 2099 3707 potest.
2215 3613 2352 3688 Est
2417 3612 2627 3687 enim
2692 3613 2918 3716 hujus
2980 3626 3136 3690 tota
3202 3615 3490 3714 philoso
3541 3623 3672 3701 hia
3731 3627 3927 3702 nihil
3995 3619 4152 3706 nisi.

928 3715 1499 3825 perfectissima
1538 3725 1636 3801 et,
1686 3724 1772 3783 ut
1821 3711 1931 3786 ita
1982 3712 2277 3804 dicam,
2348 3713 2811 3789 solidissima
2859 3715 3417 3817 purissimaque
3531 3726 3809 3802 artesii.
3914 3731 4146 3807 Mire.

925 3827 1035 3901 ris
1097 3836 1277 3894 sane
1335 3816 1558 3903 licet,
1628 3837 1774 3907 qua
1840 3809 2137 3890 infensa
2198 3830 2423 3912 atque
2486 3814 2997 3916 ignominiosa
3054 3813 3344 3895 ratione
3394 3823 3619 3921 hujus
3668 3829 3827 3904 viri
3875 3837 4142 3932 magni

926 3947 1015 4002 ac
1052 3919 1323 4007 divini,
1374 3959 1481 3976 --
1530 3916 1744 4014 cujus
1776 3915 2336 4015 philosophiam
2384 3917 2635 4013 ipsam
2689 3918 3068 3993 excelsam
3117 3917 3238 3994 vel
3289 3927 3665 4020 omnium,
3717 3955 3911 4027 quae
3943 3948 4138 4025 sunt,

924 4019 1563 4104 sublimissimam
1617 4019 2013 4116 appellem,
2061 4034 2139 4094 et
2187 4018 2381 4115 quod
2435 4031 2783 4092 veterum
2833 4020 3283 4123 theogoniae
3330 4050 3424 4101 ac
3486 4033 3889 4130 praecipue
3943 4027 4140 4109 Cab-

922 4129 1414 4211 balistarum‚
1478 4117 2229 4217 Neoplatonicorum,
2288 4117 2766 4216 aliorumque
2823 4121 3245 4223 theologiae
3306 4126 3611 4227 impure
3686 4155 3777 4208 ac
3839 4134 4139 4210 turbide

923 4227 1453 4313 manifestant,
1515 4245 1700 4319 puro
1764 4237 1839 4298 et
1904 4220 3044 4321 mathematico-metaphysico
3112 4225 3370 4319 modo,
3435 4230 3725 4327 opinor,
3780 4259 3960 4308 eum
4012 4236 4135 4314 de-

924 4343 1382 4409 monstrasse
1433 4335 1507 4396 et
1559 4323 1973 4419 explicasse
2023 4362 2128 4379 —
2190 4323 2415 4418 hujus
2474 4322 2630 4396 viri
2694 4322 3152 4423 dignitatem
3220 4340 3293 4400 et
3362 4330 3668 4408 laudem
3742 4332 4133 4425 deminue-

922 4437 1082 4511 rint
1129 4443 1347 4527 atque
1396 4423 2029 4517 obtrectaverint,
2077 4425 2201 4496 vel
2254 4421 2499 4499 adhuc
2547 4422 2993 4499 deminuant
3046 4440 3119 4502 et
3171 4428 3639 4509 maledicant
3687 4436 4131 4538 philosophi,

918 4551 994 4613 et
1043 4559 1190 4611 non
1246 4526 1684 4629 philosophi.
2689 4619 2694 4624 Ι

1214 4630 1481 4708 Nescio
1535 4648 1841 4712 revera,
1894 4623 2109 4720 cujus
2171 4647 2269 4699 an
2333 4625 2489 4699 viri
2557 4626 3247 4704 obtrectator-tumve
3312 4633 3392 4705 in
3461 4635 3608 4709 hac
3672 4634 4132 4715 dissensiom

916 4735 1602 4824 ὼῖΐθῡῖθῑῖθῡθῑῐῦθ
1647 4728 1905 4823 culpa,
1972 4751 2064 4799 an
2121 4728 2368 4825 operis
2420 4729 2732 4824 operive
2778 4728 3244 4804 studentium
3298 4732 3717 4808 obscuritas
3783 4743 4127 4816 maxima

800 4893 803 4900 ·
918 4842 1039 4919 sit.
1137 4838 1224 4913 Id
1276 4844 1529 4908 autem
1586 4826 1786 4900 mihi
1853 4826 2116 4900 videor
2184 4829 2829 4921 animadvertere,
2894 4829 3097 4906 haud
3163 4834 3440 4908 multos
3500 4835 3815 4911 omnino
3879 4839 4127 4917 adhuc

919 4958 992 5020 et
1034 4939 1265 5016 fuisse
1317 4946 1391 5007 et
1446 4953 1627 5018 esse,
1680 4927 1811 5025 qui
1859 4929 2299 5028 priusquam
2350 4930 2901 5027 judicaverint,
2965 4933 3470 5029 perceperint,
3537 4936 3736 5011 hano
3807 4939 4118 5038 pbiloso-

919 5043 1183 5130 nhiam
1232 5058 1389 5112 esse
1443 5030 1966 5131 purissimum,
2021 5045 2097 5108 et
2149 5031 2524 5108 abstracte
2577 5031 2886 5130 quidem
2956 5032 3411 5118 rationalem
3477 5037 3968 5118 idealismum
4037 5068 4126 5120 ao
