4919 5890
2547 515 2638 587 16

1597 921 1670 1013 Ι.
1832 918 2011 1013 De
2126 915 2863 1013 I‘dealismo
2978 870 3678 1055 naturalis

1280 1130 1522 1206 Totus
1573 1122 1959 1202 idealismi
2012 1120 2383 1197 naturalis
2431 1122 2784 1199 'ambitus
2837 1143 3022 1198 cum
3073 1119 3772 1202 circumscribatur
3824 1154 3870 1206 a
3921 1126 4231 1210 Graeca

992 1243 1068 1312 et
1108 1245 1371 1310 vetere
1414 1228 1733 1328 quidem
1788 1224 2299 1324 philosophia,
2346 1251 2551 1300 nunc
2605 1223 2820 1300 nobis
2873 1223 3101 1320 hujus
3168 1226 3442 1309 aetatis
3507 1226 3955 1308 idealismus
4021 1257 4230 1307 sum-

888 1397 903 1409 .
991 1337 1273 1413 matim
1324 1347 1401 1409 et
1450 1331 1804 1407 universe
1856 1327 1966 1403 ita
2012 1341 2123 1401 est
2173 1327 2705 1418 enucleandus,
2758 1336 2844 1398 ut
2893 1323 3261 1400 scientiae
3313 1327 3881 1429 philosophicae
3930 1334 4235 1411 formae

995 1442 1303 1539 ejusque
1348 1428 1905 1533 explicationis*
1938 1434 2075 1527 per
2117 1426 2530 1507 historiam
2585 1425 2900 1532 gradus,
2971 1434 3342 1524 quantum
3386 1430 3608 1507 nobis
3660 1433 3860 1513 inest
3909 1437 4227 1514 faculta-

995 1544 1135 1638 tis,
1176 1543 1390 1620 clare
1444 1536 1947 1629 distincteque
1995 1553 2157 1627 sese
2209 1542 2284 1603 et
2336 1532 2964 1608 manifestant-*et
3016 1527 3636 1609 manifestatione
3686 1539 4234 1638 percipiantur.
4305 1580 4317 1596 ·

1294 1641 1623 1715 Multam
1676 1622 2135 1731 variamque
2188 1628 2528 1712 Graecos
2595 1660 2642 1710 a
2695 1628 3119 1732 peregrinis
3184 1643 3260 1705 et
3313 1635 3661 1711 maxime
3726 1641 4227 1717 orientalibus

1000 1740 1293 1846 populis
1342 1753 1605 1818 nactos
1658 1762 1817 1835 esse
1870 1732 2318 1822 materiem,
2384 1738 2547 1829 vel,
2607 1732 2852 1823 utita
2906 1730 3208 1822 dicam,
3274 1733 3647 1814 scientiae
3711 1757 4058 1841 artesque
4125 1767 4239 1818 se·

1001 1849 1258 1941 mina,
1304 1843 1496 1922 saltis
1546 1862 1920 1940 superque
1970 1836 2173 1911 inter
2221 1861 2488 1914 omnes
2525 1846 2870 1927 ,constat3
2917 1847 3458 1949 verumtamen
3512 1841 3752 1918 etiam
3804 1845 3888 1933 in
3940 1870 4074 1923 suo
4127 1848 4239 1945 ip-

1001 1970 1265 2030 sorum
1341 1942 1642 2034 medio,
1718 1937 2101 2039 religione·
2165 1933 2336 2023 dico
2402 1951 2479 2016 et
2545 1938 2848 2039 animo,
2931 1948 3420 2013 retinuerunt
3495 1946 3920 2041 peculiaria
3996 1970 4239 2043 neque

1002 2049 1312 2128 omnino
1367 2040 1923 2144 despernenda,
2015 2063 2380 2136 quorum,
2462 2057 2552 2117 ut
2612 2036 2974 2116 nonnulla
3042 2034 3264 2112 modo
3328 2065 3937 2125 commemorem
3954 2090 4012 2143 ,ι
4054 2047 4242 2125 satis

1004 2167 1182 2231 nota
1232 2149 1387 2225 sint
1439 2147 1894 2248 mythorum
1946 2139 2463 2238 Orphicorum
2514 2165 2760 2222 sacra.
2867 2138 3013 2213 His
3057 2138 3343 2218 duobus
3384 2149 3603 2243 quasi
3643 2153 4042 2228 elementis
4070 2173 4241 2248 pro·

1005 2255 1191 2345 siit,
1261 2249 1459 2350 quod
1510 2248 1909 2324 neminem
1960 2244 2228 2341 fugere
2280 2243 3056 2355 puto„Graeco‚rum
3110 2240 3161 2313 i.
3218 2267 3283 2315 e.
3319 2254 3702 2339 *naturalis
3753 2254 4264 2352 potissimum¹

1006 2352 1533 2459 philosophica
1580 2346 1943 2433 scientia,
1994 2366 2185 2442 quae
2237 2361 2324 2422 ut
2370 2345 2537 2444 jam
2588 2367 2817 2442 supra
2869 2342 3354 2437 monuimus,
3408 2377 3555 2427 non
3597 2358 3929 2455 pertinet
3980 2353 4076 2431 ad
4121 2375 4268 2449 νει

1009 2458 1354 2558 singulas
1405 2465 1484 2528 et
1535 2448 1969 2538 sensibiles,
2020 2443 2169 2520 sed·
2201 2448 2672 2525 universa-les
2725 2458 2948 2541 atque
2991 2444 3561 2546 intelligibiles,
3633 2457 4062 2552 cujusmodi
4114 2479 4245 2529 no-

1002 2550 1253 2637 tiones
1303 2567 1479 2631 sunt
1531 2566 1607 2628 et
1660 2550 1896 2626 ideae.
2017 2548 2627 2626 Mens'humaua
2690 2559 2949 2623 autem
2992 2569 3185 2621 cum
3235 2552 3458 2646 plane
3509 2569 3587 2630 et
3638 2558 3970 2635 mirifice
4020 2555 4272 2637 rebusss

1014 2657 1492 2752 naturalibus
1543 2654 1709 2733 sive
1760 2648 2246 2727 sensibilibus
2299 2652 2642 2728 involuta
2696 2661 2929 2739 esset,
3016 2647 3267 2745 iisque
3321 2656 3549 2752 squasi
3618 2664 3918 2737 reclusa
3985 2673 4060 2734 et
4124 2683 4243 2733 re.
4280 2660 4296 2671 ‘

1012 2776 1260 2853 tenta,
1311 2759 1613 2834 factum
1669 2767 1820 2846 est,
1905 2765 1991 2825 ut
2056 2750 2137 2827 in
2205 2753 2330 2828 his
2394 2776 2662 2828 rerum
2714 2750 3274 2826 universatium
3327 2780 3620 2854 quoque
3672 2764 3839 2857 3150
3889 2759 4246 2837 idearum
4313 2758 4334 2779 ⁷

972 2862 1420 2943 'scientiam
1473 2856 1860 2933 inveniret
1909 2868 1985 2928 et
2036 2855 2591 2931 conscientiam
2641 2852 2792 2929 sibi
2843 2869 3345 2951 compararet.
3443 2860 3718 2939 Sicuti
3751 2878 4011 2940 autem
4042 2876 4256 2956 nunc

1013 2972 1097 3045 in
1142 2962 1586 3043 communis
1636 2955 1844 3032 vitae
1894 2957 2433 3032 consuetudine
2487 2971 2563 3034 et
2611 2975 2877 3029 rerum
2931 2955 3215 3030 intuitu
3283 2957 3349 3033 is
3400 2983 3582 3037 vere
3635 2966 4071 3065 ingeniosus
4123 2967 4247 3039 vel

1016 3068 1386 3145 divinitus
1456 3060 1758 3137 afflatus
1825 3081 1917 3132 ac
1986 3058 2172 3131 satis
2235 3058 2616 3132 exercitus
2684 3055 2765 3128 in
2821 3054 3247 3152 cogita-ndis
3311 3059 3975 3164 intelligend'isque
4020 3064 4249 3142 rebus

998 3168 1273 3247 “videri
1324 3163 1585 3255 debet,
1650 3159 1825 3258 qui,
1884 3157 2218 3259 'singulis
2270 3171 2351 3231 et
2395 3155 2732 3233 fortuitis
2783 3155 3183 3255 inspectis,
3250 3163 3714 3245 universalia
3763 3168 4028 3243 statim
4076 3193 4251 3269 per·

1018 3272 1314 3371 spicere
1367 3278 1444 3340 et
1491 3277 1577 3338 ut
1629 3283 1904 3336 aurum
1958 3283 2006 3333 a
2053 3258 2367 3352 scoriis,
2430 3260 2545 3336 sic
2599 3254 2967 3358 quidquid
3018 3260 3188 3335 veri
3231 3275 3326 3336 et·
3359 3268 3659 3345 aeterni
3711 3268 3945 3363 inest,
4008 3280 4061 3347 a⁴
4105 3265 4248 3345 fal·-

1019 3375 1124 3452 sis
1172 3369 1548 3463 fluxisque
1599 3361 2073 3452 discernere,
2122 3386 2397 3437 eruere
2445 3359 2667 3459 quasi
2715 3372 2792 3434 et
2838 3360 2926 3436 'in
2976 3386 3203 3438 usum
3256 3380 3557 3445 vertere
3604 3384 3882 3469 potestz
3926 3372 4040 3448 ita
4069 3381 4252 3448 ‘me-

1020 3471 1332 3554 hercule
1382 3469 1517 3548 illa
1566 3488 1857 3564 quoque
1901 3460 2385 3541 Graecorum
2414 3461 2747 3564 ‚ingenia
2797 3463 3313 3564 philosophica
3370 3472 3667 3550 mirum
3719 3498 3901 3549 sane
3951 3474 4035 3549 in
4089 3497 4247 3548 mo·

1020 3578 1209 3653 dum
1260 3574 1347 3648 in
1396 3592 1665 3646 rerum
1712 3566 2233 3641 humanarum
2285 3578 2358 3639 et
2412 3564 2858 3641 divinarum
2913 3581 3183 3644 natura
3237 3571 3642 3668 lapidatim
3708 3575 3926 3673 quasi
3977 3574 4072 3651 ad
4124 3600 4246 3651 ae-

1022 3696 1286 3756 ternae
1353 3669 1719 3748 scientiae
1778 3669 2161 3763 templum
2231 3667 2644 3741 materiem
2722 3684 3312 3775 conspexerunt,
3399 3678 3865 3779 collegerunt
3929 3690 4007 3754 et
4072 3699 4248 3754 con-

1021 3797 1315 3858 struere
1363 3775 1445 3847 in
1482 3772 1901 3846 *columnas
1939 3768 2387 3865 tholumque
2437 3779 2942 3842 tentaverunt.
3323 3775 3328 3780 ’
3833 3769 3838 3775 ’

1325 3869 1766 3952 visionibus
1827 3866 2185 3965 quidem,
2262 3892 2529 3942 rerum
2595 3868 3075 3968 opinionibus
3138 3883 3234 3946 et>
3278 3874 3632 3972 vocibus,
3718 3901 3910 3976 quas
3965 3873 4253 3954 Graeci

1024 3975 1441 4074 φαντασίας,
1480 3970 1685 4057 δόξας
1734 3982 1811 4046 et
1859 3968 2094 4059 λόγους
2141 3970 2570 4063 nominant,
2620 3972 2804 4047 satis
2833 3997 3203 4072 superque
3249 3977 3579 4056 refertus
3631 3973 3795 4056 erat
3842 3993 4012 4052 tum
4054 3990 4251 4054 tem-

1029 4100 1210 4179 pore
1262 4074 1567 4149 animus
1620 4097 1711 4149 ac
1761 4094 2063 4164 sensus3
2129 4071 2360 4146 nullis
2428 4096 2610 4147 vero
2661 4075 3084 4151 rationibus
3121 4079 3212 4151 'et
3261 4077 3474 4156 ideis.
3588 4082 3807 4155 Haec
3859 4091 3938 4154 et
3981 4078 4064 4154 in
4116 4100 4248 4155 na·
4306 4119 4312 4124 ·

1027 4193 1202 4256 tura
1253 4189 1530 4250 et-una
1572 4171 1662 4246 *in
1715 4172 1981 4271 seipsis
2028 4173 2248 4269 quasi
2303 4171 2678 4250 creandae
2745 4190 2821 4250 et
2884 4176 3304 4273 pariundae
3370 4180 3687 4256 relictae
3756 4193 4006 4278 erant,
4039 4203 4247 4258 sum·
4345 4211 4354 4218 ’

1027 4283 1145 4356 mi
1208 4272 1594 4354 acuminis
1654 4272 1884 4365 viris,
1960 4276 2092 4370 qui
2167 4287 2246 4349 et
2293 4274 2604 4454 phgsici
2656 4290 2732 4352 et
2780 4276 3208 4378 philosophi
3277 4307 3322 4358 a
3372 4279 3702 4360 Graecis
3745 4283 4246 4382 appella-ntur.

1027 4379 1289 4458 Totius
1349 4387 1610 4452 autem
1677 4372 2047 4450 scientiae
2105 4372 2312 4451 inte‘r
2459 4402 2719 4456 raecos
2787 4405 3052 4457 cursus
3116 4381 3407 4458 iterum
3475 4375 3668 4460 duae
3729 4397 3985 4483 partes
4048 4398 4247 4474 sunt,

1028 4506 1184 4558 una
1231 4477 1549 4556 seientia
1602 4499 1869 4550 rerum
1921 4499 2053 4551 seu
2104 4478 2358 4568 realis,
2413 4478 2653 4553 altera
2704 4478 3053 4557 idearum
3107 4483 3271 4559 sive
3323 4483 3592 4562 idealis
3635 4511 3782 4576 nec
3829 4509 3983 4559 non
4029 4484 4255 4581 spiri-

972 4661 985 4666 ,
1031 4581 1295 4672 malis,
1360 4601 1693 4674 quarum
1747 4578 1966 4672 illam
2011 4576 2159 4652 sibi
2211 4579 2614 4676 praecipue
2663 4581 3009 4681 physici,
3085 4583 3287 4662 hanc
3338 4585 3765 4686 philosophi
3814 4583 4252 4661 vindicave-

1036 4696 1235 4760 runt.
1338 4678 1542 4774 Quas
1574 4692 1837 4753 tamen
1868 4691 2118 4775 partes
2143 4675 2441 4754 Graeci
2490 4680 2695 4756 haud
2745 4683 2855 4758 ita
2906 4697 3364 4782 tractavere,
3409 4689 3634 4787 quasi
3664 4685 3975 4760 omnino
4009 4696 4255 4760 essent

1037 4786 1384 4860 diversae
1436 4791 1511 4855 et
1558 4779 2019 4869 contrariae,
2070 4775 2199 4852 sed
2250 4777 2385 4871 ita,
2436 4794 2522 4855 ut
2569 4795 2979 4882 utramque
3027 4810 3331 4887 semper
3381 4816 3622 4866 unum
3667 4801 3914 4862 totum
3960 4784 4254 4882 judica·

1036 4899 1245 4975 rent,
1326 4878 1419 4955 ab
1486 4878 1585 4953 iis
1637 4880 1785 4955 hac
1837 4903 2021 4976 prae
2067 4877 2312 4956 altera
2354 4900 2770 4981 occupata,
2834 4888 3200 4963 etaltera
3252 4889 3487 4966 simul
3531 4913 3725 4968 cum
3774 4900 3851 4962 et
3900 4883 4119 4985 quasi
4167 4885 4254 4962 in

1041 4989 1278 5061 altera
1330 4992 1655 5057 tractata
1707 5003 1865 5056 esse
1920 4978 2326 5056 videretur.
2435 4982 2597 5078 Quo
2639 4987 2947 5064 *factum
2997 5001 3147 5080 est,
3197 5001 3283 5066 ut
3332 4995 3689 5088 quamvis
3736 5010 3980 5066 unum
4033 4985 4133 5070 iis
4180 4998 4260 5063 et

3849 5111 4263 5164 commun·
