4919 5890
2323 532 2413 608 43

944 740 951 748 ’
1051 744 1195 822 Rei
1245 742 1484 842 ipsius
1543 754 1843 818 nostrae
1907 735 2250 841 gravitas
2315 762 2470 816 nos·
2512 735 2822 815 videtur
2886 735 3312 828 adhortari,
3382 749 3468 812 ut
3497 738 3966 836 1reputemus

747 848 833 923 in
883 847 1171 939 animo,
1225 860 1593 942 quantum
1643 847 1807 942 jam
1856 866 2246 941 progressa
2296 843 2396 918 sit
2457 840 2698 933 nostri
2748 838 3468 945 idealismi.'fbrma.
3574 836 3965 924 Cartesius

746 949 1057 1048 quidem
1108 970 1414 1025 exorsus
1468 962 1577 1021 est
1621 961 1919 1021 nostrae
1969 945 2360 1020 rationalis
2404 944 2705 1019 formae
2769 965 3123 1035 cursum,
3171 940 3331 1019 'nec
3394 956 3655 1018 tamen
3726 945 3960 1022 absol-

746 1051 886 1143 vit,
920 1076 1170 1148 ,quam
1225 1051 1599 1125 abstracte
1641 1048 2095 1141 rationalem
2151 1058 2414 1122 nactus
2463 1042 2597 1121 est.
2700 1043 3270 1118 Ad'summam.
3318 1059 3578 1129 autem
3626 1048 3959 1123 solidi-ta-

743 1166 930 1243 tem,
984 1144 1417 1228 claritatem
1456 1164 1544 1225 ›et
1592 1146 2004 1251 puritatem
2058 1172 2233 1224 eam
2297 1147 2680 1247 promovit
2730 1144 3091 1243 Spinooea3
3153 1145 3960 1248 Leibnitiusde'nique

745 1256 1044 1329 minore
1096 1255 1403 1351 quidem
1455 1253 1933 1328 concretione
1983 1276 2074 1325 ac
2124 1250 2490 1326 scientiae
2543 1248 3074 1344 consequentia
3123 1260 3365 1320 totum
3416 1252 3783 1342 provexit,
3832 1278 3958 1329 ve·

742 1370 1184 1433 rumtamen
1254 1374 1426 1429 eam
1497 1354 2001 1451 potissimum·
2044 1366 2375 1450 partem,
2437 1352 2546 1425 in
2593 1369 2752 1448 qua*
2791 1344 3232 1425 idealismus
3283 1351 3581 1424 versari
3626 1351 3950 1443 videtur,

744 1458 1081 1533 mirifica
1132 1455 1464 1555 quadam
1515 1471 1677 1530 arte
1720 1470 1794 1529 et
1846 1454 2011 1528 acie
2057 1450 2494 1528 enucleavit
2552 1450 2798 1527 etad·
2851 1446 3285 1540 summum,
3351 1449 3744 1547 quantumt
3775 1454 3954 1529 ¹fieri

739 1558 1055 1633 fortasse
1132 1584 1216 1633 eo
1282 1563 1623 1656 tempore
1678 1570 1954 1652 posset,
2026 1555 2510 1654 perfectionis
2564 1548 2962 1651 fastigium
3012 1551 3300 1626 extulit.
3406 1554 3575 1627 Post
3619 1552 3755 1628 hos
3788 1556 3951 1631 tanss

742 1668 1001 1758 tosque
1054 1660 1259 1734 viros
1311 1687 1460 1734 non
1531 1659 1753 1757 modo
1822 1659 2013 1732 haeo
2075 1682 2267 1759 pura
2335 1656 2718 1730 idealismi
2781 1654 3034 1728 forma
3107 1651 3402 1728 decidit
3451 1666 3555 1728 et‘.
3595 1672 3950 1755 corrupta

742 1777 876 1851 est,
914 1761 1053 1836 sed
1106 1763 1343 1835 etiam
1397 1785 1661 1835 omnes
1692 1772 2111 1857 ,concretae
2182 1758 2590 1832 rationales
2657 1757 2992 1830 notiones
3054 1754 3136 1826 et'
3189 1753 3434 1828 ideae»
3469 1755 3604 1830 sub
3671 1761 3951 1837 mentis

739 1870 1128 1960 potestate,
1175 1887 1407 1959 quam
1462 1880 1677 1937 mens
1733 1856 2067 1961 Wolfiis
2107 1861 2621 1954 aliorumque,
2692 1857 2824 1952 qui
2896 1859 3056 1953 ejus
3120 1854 3417 1951 sequ-uti
3475 1856 3657 1935 sunt
3727 1864 3950 1937 vesti:-

736 1964 899 2061 gia,
944 1964 1213 2040 studiis
1244 1977 1486 2039 {nacta
1541 1979 1675 2056 est,
1726 1961 2049 2036 materia
2100 1962 2312 2057 quasi
2363 1958 2723 2033 rationali
2774 1957 2936 2032 sive
2988 1956 3359 2029 id-eali‘ita
3387 1956 3730 2053 pnivatae
3752 1961 3945 2051 sunt,

734 2064 822 2138 ut
880 2066 1089 2139 nihil
1147 2064 2177 2163 postremo‘relinqueretur,
2249 2058 2399 2133 nisi
2466 2076 2757 2132 vacuae
2823 2056 3105 2129 mentis
3171 2055 3736 2154 abstxiactaeque
3801 2061 3948 2137 sor·

737 2190 939 2258 mae,
986 2190 1201 2262 quae,
1250 2181 1335 2240 ut
1383 2164 1553 2239 fieri
1605 2189 1909 2238 necesse
1954 2176 2136 2252 erat,
2188 2183 2500 2234 omnem
2553 2158 2994 2233 amitterent
3047 2156 3499 2254 dignitatem
3553 2175 3796 2256 atque.
3820 2187 3949 2237 au-

680 2268 1198 2342 ·ctoritatem.
1330 2268 1589 2360 Itaque
1657 2265 1858 2340 haud
1931 2252 2279 2352 niireris,
2359 2260 2916 2361 sipost-‘hanc
2982 2257 3361 2333 idealismi
3441 2260 3752 2337 ruinam
3816 2266 3946 2339 illo

734 2381 1081 2466 tempore
1130 2382 1206 2442 et
1254 2371 1375 2443 vel
1419 2381 1671 2441 nostro
1724 2364 2145 2464 conspicias
2189 2363 2664 2462 philosophos
2706 2376 2834 2436 aut
2885 2362 3105 2459 plane
3147 2360 3642 2467 despicientes
3697 2379 3772 2438 et
3822 2366 3946 2441 ne·

737 2470 1152 2572 gligentes‚
1222 2482 1353 2544 aut
1420 2468 1638 2567 parvi
1705 2468 2062 2542 habentes
2113 2467 2508 2539 notionum
2559 2477 2635 2537 et
2682 2463 3035 2538 idearum
3089 2475 3445 2539 naturam
3497 2480 3571 2539 et
3622 2466 3947 2565 explica-

730 2571 1049 2664 tionem,
1098 2569 1281 2646 dum
1327 2585 1402 2645 et
1448 2570 1787 2652 doctrina
1844 2583 1916 2642 et
1967 2568 2271 2664 scriptis
2322 2589 2618 2655 sanam,
2672 2566 2925 2642 nescio
2978 2588 3238 2659 quam,
3293 2568 3571 2640 mentis
3644 2571 3763 2642 vel
3828 2596 3947 2647 ra·

732 2673 964 2746 tionis
1009 2686 1363 2749 naturam
1421 2671 1712 2764 assequi
1767 2669 2118 2740 dictitant
2170 2682 2244 2736 et
2311 2666 2754 2762 gloriantur.
2883 2663 3129 2755 Quam
3197 2669 3477 2739 mentis
3541 2668 3951 2747 infirmita..

732 2784 892 2843 tem
944 2785 1165 2865 atque
1216 2769 1738 2843 hebitudinem
1789 2764 2172 2861 oportebat
2223 2763 2759 2838 acutissimum
2812 2763 3190 2858 quendam
3242 2764 3352 2839 ita
3405 2765 3948 2864 demonstrare,

734 2885 821 2943 ut
892 2895 1040 2944 non
1105 2871 1352 2943 solum
1416 2893 1644 2942 verae
1721 2865 2237 2966 philosophiae
2307 2863 2642 2962 dignitas
2703 2862 3392 2963 redintegraretur,
3456 2860 3731 2939 verum
3788 2873 3950 2967 ejus

737 2973 976 3048 etiam
1029 2970 1272 3044 studio
1327 2984 1546 3066 atque
1598 2992 1818 3065 opere
1870 2968 2086 3059 novi,
2139 2966 2447 3062 ejusque
2495 2963 2826 3038 absolute
2876 2964 3272 3061 rationalis
3324 2963 3709 3042 idealismi
3775 2979 3959 3048 cur-'

737 3098 862 3147 sus
913 3071 1353 3171 aperiretur.
3199 3119 3204 3122 -
3661 3093 3670 3102 ·
3729 3091 3738 3098 ’
3795 3091 3800 3096 ’
3885 3071 3888 3074 ’

1038 3171 1193 3245 Hic
1244 3170 1370 3244 vir
1421 3192 1747 3270 magnus
1800 3181 1875 3242 et
1937 3165 2374 3266 ingeniosus
2424 3163 2576 3240 fuit
2605 3163 3152 3249 Immqnuelm
3199 3163 3429 3241 Kant.
3534 3167 3948 3266 Quamaut

739 3297 926 3371 quas
977 3263 1316 3362 illarum,
1370 3294 1555 3366 quas
1606 3270 1831 3366 'supra
1864 3266 2672 3342 ‘commemoravimus
2736 3268 3242 3365 quaestiones,
3313 3283 3566 3347 noster
3628 3273 3952 3353 absolvit

739 3390 815 3449 et
862 3374 1242 3449 absolvere
1294 3372 1604 3446 molitus
1653 3371 1791 3458 sit,
1845 3368 2233 3464 sequentia
2283 3365 2673 3442 docebunt.
3057 3377 3094 3422 .'

1042 3471 1601 3549 Celeberri'mus
1647 3471 1777 3545 hic
1832 3469 1978 3559 vir,
2025 3482 2420 3566 postquam
2473 3464 2776 3554 mentis,
2822 3477 2916 3537 ut
2967 3462 3343 3560 diximus,
3397 3466 3948 3551 ,infirmitatem

741 3602 831 3652 ac
881 3578 1180 3673 lapsum
1234 3573 1901 3661 animadverterat,
1949 3570 2094 3645 sibi
2150 3569 2555 3670 proposuit,
2618 3569 2778 3663 ejus
2829 3564 3240 3640 idealitatis
3290 3568 3457 3642 vim
3493 3579 3598 3644 'et‘
3634 3588 3950 3671 potesta.

673 3751 679 3760 ,
744 3693 898 3753 tem
954 3682 1002 3751 i.
1056 3703 1117 3751 e.
1163 3678 1322 3772 ejus
1376 3671 1874 3773 cognoscendi
1926 3670 2464 3771 cogitandique·
2509 3668 2929 3757 actionem,
2983 3692 3130 3765 qua
3176 3658 3298 3744 res
3364 3697 3407 3744 e
3473 3677 3803 3756 naturali
3866 3680 3948 3754 in

743 3778 1069 3854 idealem
1121 3781 1243 3851 vel
1292 3776 1800 3871 subjectivum
1854 3782 2135 3848 statum
2182 3773 2849 3861 transformantur,
2889 3770 3305 3866 ‘exquirere
3361 3785 3444 3846 et
3508 3772 3949 3873 dijudicare.

743 3881 1027 3975 Quibus
1078 3877 1473 3976 propositis
1522 3876 1759 3950 tribus
1810 3875 2213 3972 praecipue
2261 3875 2342 3948 in
2396 3873 2766 3970 operibus⁵
2802 3872 3180 3962 absolutis,
3229 3872 3526 3948 factum
3565 3892 3698 3972 est,
3751 3884 3952 3959 utin

737 3982 1016 4082 prima,
1070 4003 1213 4077 quo
1266 3977 1752 4054 examinatur
1812 3977 2090 4049 mentis
2156 3976 2238 4050 in
2306 3975 2530 4050 rebus
2593 3969 3017 4071 cogitandis
3080 3973 3197 4047 vis
3247 3987 3471 4071 atque
3521 3973 3950 4076 auctoritas,

744 4095 1170 4158 constantes
1221 4076 1586 4175 quasdam
1640 4102 1774 4175 per
1834 4100 1910 4151 se
1976 4076 2280 4171 quidem
2346 4078 2608 4152 inanes
2672 4071 3014 4147 intuendi
3079 4074 3604 4174 cogitandique
3668 4082 3952 4162 formas

747 4198 818 4256 et
873 4183 1174 4283 regulas
1225 4181 1606 4255 inveniret
1670 4192 1745 4258 et
1813 4175 2316 4266 constitueret.
2423 4178 2779 4251 Idearum
2845 4186 3140 4266 autem,
3194 4201 3384 4274 quae
3427 4180 3736 4277 quidem
3800 4190 3952 4263 sint

748 4301 820 4358 et
885 4309 1045 4357 esse
1111 4280 1414 4374 debent,
1485 4276 2059 4355 formandarum
2129 4280 2294 4352 vim
2361 4280 2582 4377 plane
2645 4277 2891 4351 menti
2958 4277 3403 4394 abnegavit,
3472 4294 3547 4354 et
3600 4289 3953 4381 quamvis

749 4385 939 4461 ratio
995 4380 1340 4456 idearum
1400 4407 1670 4479 parens
1721 4380 2228 4472 existimetur,
2280 4394 2542 4455 tamen
2593 4379 2727 4453 sub
2784 4379 3062 4453 mentis
3121 4378 3404 4453 ditione
3471 4382 3665 4459 nihil
3729 4390 3952 4484 plane

748 4490 1005 4561 valere
1067 4481 1637 4558 demonStravit.
1745 4481 2094 4556 Noti‘ones
2146 4482 2387 4581 igitur
2434 4496 2509 4556 et
2565 4505 2756 4576 quae
2808 4499 3004 4574 vere
3047 4478 3413 4555 dicendae
3471 4499 3647 4561 sunt
3713 4488 3952 4583 ideae,

748 4588 1072 4664 Kantius
1126 4599 1257 4659 aut
1308 4585 1605 4682 prorsus
1657 4583 1987 4679 reliquit,
2041 4598 2179 4657 aut
2223 4583 2635 4658 formalem
2686 4579 2907 4653 modo
2959 4593 3295 4677 partem,
3364 4605 3603 4680 neque
3661 4593 3951 4668 realem

748 4713 802 4763 s.
846 4703 1099 4764 ‘totum
1147 4687 1457 4761 omnino
1511 4697 1955 4763 concretum
2004 4698 2286 4760 statum
2336 4685 2519 4759 satis
2573 4681 2994 4779 inquisivit.

742 4803 751 4816 ²
1046 4788 1133 4861 In
1184 4789 1426 4861 alter-o
1479 4787 1748 4863 deinde
1796 4810 2056 4884 opere,
2107 4810 2291 4883 quas
2353 4786 2435 4859 in
2499 4783 2982 4860 antecedente
3046 4782 3287 4858 menti
3349 4787 3569 4884 plane
3633 4791 3951 4888 abnega-

748 4903 988 4980 verat,
1033 4891 1423 4963 nonnullas
1474 4889 1792 4965 rationis
1846 4888 2051 4963 ideas
2093 4902 2177 4961 ut
2228 4887 2816 4963 fundamentum
2868 4886 3297 4983 postulavit,
3337 4890 3565 4984 >quasi
3616 4899 3951 4965 necessa-

751 4990 911 5062 rias
961 4990 1052 5064 ad
1108 4990 1714 5067 constituendum
1770 4990 2137 5065 mundum
2195 4989 2763 5096 intelligibilem
2815 4989 2938 5080 vel
3005 4987 3522 5159 ἒρίνίῐυειῐεωι
3622 4986 3953 5068 Omnino

910 5099 915 5108 ‘
1018 5121 1021 5130 ·
3079 5100 3165 5164 ‘2
