4919 5890
2508 584 2597 649 36

948 799 1194 865 nostra
1246 778 1581 882 cognitio
1628 781 2072 859 inveniatur
2120 780 2600 882 imperfecta,
2654 783 3049 861 continens
3100 808 3284 860 vera
3327 779 3756 860 commixta
3797 778 4049 871 falsis,
4100 777 4186 857 in

952 887 1207 964 animo
1257 899 1516 960 autem
1569 885 1957 960 exoriatur
2009 885 2210 960 notio
2263 887 2648 981 perfectae
2701 900 2776 961 et
2823 887 3204 962 absolutae
3276 882 3740 984 cognitionis
3809 896 3883 977 et
3950 879 4185 957 actio-

846 1002 861 1015 ·
955 989 1098 1080 nis,
1151 1012 1342 1083 quae
1393 985 1694 1079 nonnisi
1748 986 1967 1062 Entis
2020 985 2305 1060 infiniti
2360 1001 2436 1061 et
2487 986 3037 1087 perfectissimi
3089 987 3141 1060 i.
3199 1011 3260 1061 e.
3319 982 3469 1061 Dei
3521 1007 3680 1059 esse
3736 981 4000 1081 possit:
4072 1007 4185 1057 se·

955 1089 1236 1189 quitur,
1286 1085 1435 1162 Dei
1486 1085 1722 1182 ipsius
1773 1085 1944 1159 idea
2003 1086 2468 1184 cogitatione
2518 1089 2725 1187 prior
2773 1088 2856 1164 in
2929 1086 3190 1163 animo
3260 1086 3313 1163 i.
3367 1112 3431 1169 e.
3501 1083 3810 1162 animae
3877 1083 4025 1181 ipsi
4088 1082 4192 1158 sit

959 1192 1246 1279 innata,
1298 1210 1602 1262 necesse
1651 1212 1827 1263 esse.
1894 1189 2228 1275 ,Eadem
2279 1190 2428 1263 Dei
2479 1189 3029 1288 omnipotentia
3079 1189 3436 1263 omnium
3489 1209 3754 1260 rerum
3800 1185 3879 1260 in
3924 1180 4189 1258 animo

962 1315 1187 1393 puras
1234 1286 1595 1364 'notiones
1657 1291 1819 1364 sive
1881 1288 2090 1363 ideas
2134 1289 2517 1387 'exsistere
2582 1304 2656 1364 et
2720 1291 2919 1366 hanc
2983 1288 3075 1363 ob
3142 1313 3463 1366 causam
3512 1310 3735 1363 veras
3786 1310 3987 1378 esse3
4047 1284 4194 1360 hoc

964 1392 1231 1468 codem
1282 1414 1500 1464 sensu
1554 1389 1791 1465 etiam
1844 1389 2074 1463 dixit:
2127 1389 2370 1479 „illud
2423 1416 2651 1466 omne
2694 1406 2804 1465 est
2856 1415 3158 1483 verum,
3210 1390 3405 1490 quod
3457 1391 3666 1465 clare
3718 1401 3794 1462 et
3838 1385 4196 1464 distincte

934 1538 937 1541 ι
966 1491 1423 1593 percipio“.‘
1478 1488 1683 1583 Quae
1735 1490 1997 1565 omnia
2050 1491 2348 1566 decreta
2405 1516 2642 1589 quum
2693 1493 2848 1568 sint
2900 1506 3156 1567 mente
3208 1507 3604 1590 percepta,
3657 1515 3807 1563 non
3863 1487 4197 1563 rationa-

968 1596 1077 1670 lia
1149 1595 1268 1667 vel
1337 1591 1634 1697 ratione
1701 1592 2051 1690 probata,
2117 1591 2248 1665 sed
2317 1592 2694 1668 abstracte
2761 1595 2984 1691 plane
3043 1592 3364 1683 idealia,
3420 1594 3501 1667 in
3549 1590 3864 1669 modum
3916 1586 4200 1688 prioris

972 1694 1361 1783 idealismi
1419 1690 1721 1767 'formae
1789 1693 1990 1768 edita
2061 1692 2455 1785 videntur,
2523 1708 2598 1768 et
2649 1696 2944 1770 ratione
2995 1694 3578 1785 non‘adhibita,
3631 1690 3846 1765 omni
3898 1688 4205 1789 prorsus

975 1797 1297 1872 veritate
1365 1806 1652 1868 carent.
1775 1793 1937 1888 Qui*
1988 1808 2246 1868 autem
2298 1795 2593 1869 ratione
2645 1794 3075 1870 dissolverit
3126 1809 3200 1869 et
3250 1792 3738 1894 explicuerit,
3793 1790 4206 1866 verissima

971 1896 1321 1994 reperiet.
1425 1893 1678 1985 Quum
1731 1909 1990 1969 autem
2059 1894 2412 1968 omnium
2475 1896 2991 1997 philosophiae
3057 1896 3516 1994 placitorum
3579 1892 4206 1991 explicandorum
4270 1981 4283 1998 ι

973 1997 1191 2075 nobis
1237 2017 1378 2070 nec
1429 1996 1636 2070 locus
1691 2021 1831 2070 nec
1880 1995 1981 2069 sit
2030 1996 2541 2094 propositum,
2596 1997 2674 2071 id
2725 1997 2945 2072 modo
2999 2012 3344 2073 notatum
3396 1994 3767 2085 velimus,
3838 1993 4047 2070 ideas
4112 2017 4206 2070 ea

975 2099 1305 2188 ratione,
1371 2119 1520 2190 qua
1572 2092 1963 2171 Cartesius
2015 2096 2285 2187 edicit,
2353 2099 2614 2172 animo
2668 2098 2966 2175 innatas
3037 2123 3177 2175 nec
3248 2125 3445 2191 esse,
3509 2122 3654 2173 nec
3735 2120 3893 2171 esse
3962 2120 4201 2192 posse,

973 2199 1106 2278 sed
1158 2195 1424 2296 quovis
1475 2211 1885 2289 momento,
1937 2196 2069 2271 ubi
2118 2199 2883 2297 cemprehendantur,
2933 2215 3341 2278 nascantur
3392 2214 3468 2277 et
3529 2212 4026 2298 procreantur
4075 2221 4203 2272 ne·

981 2324 1191 2379 cesse
1244 2315 1424 2374 esse.

1276 2402 1530 2474 Immo
1557 2422 1737 2472 vero
1769 2397 1848 2472 id
1885 2395 2099 2472 nobis
2133 2397 2217 2489 in
2250 2395 2722 2475 Cartesianis
2755 2400 3060 2496 placitis
3099 2394 3496 2475 summum
3536 2401 3878 2490 videtur3
3931 2396 4205 2494 quippe

982 2499 1216 2600 quod,
1280 2523 1516 2598 (suum
1583 2498 1798 2575 ideae
1864 2499 2146 2573 mentis
2213 2500 2510 2575 actione
2576 2502 2697 2573 vel
2760 2501 3158 2600 cogitando
3210 2503 3607 2592 exsistant,
3660 2515 3882 2596 atque
3937 2497 4202 2572 divina

985 2603 1250 2679 effecta
1302 2601 1477 2691 sint,
1529 2599 1610 2693 in
1664 2601 1781 2675 his
1835 2603 2028 2675 actis
2082 2600 2264 2699 ipsis
2320 2615 2395 2675 et
2442 2599 2686 2676 ideale
2739 2615 2813 2676 et
2865 2605 3067 2677 reale
3113 2603 3193 2678 in
3246 2622 3393 2679 uno
3448 2602 3881 2700 conciperet
3920 2612 3995 2673 et
4030 2622 4205 2673 con·

987 2718 1233 2794 cretas
1294 2702 1507 2801 quasi
1559 2727 1717 2777 esse
1767 2700 2159 2801 ingeniose
2211 2727 2302 2777 ac
2348 2701 2716 2777 divinitus
2767 2701 3119 2778 ediceret.
3226 2705 3385 2801 Quo
3441 2707 3676 2782 etiam
3717 2704 4015 2778 factum
4067 2712 4202 2789 est,

985 2820 1071 2882 ut
1120 2805 1266 2881 sibi
1316 2802 1612 2879 scilicet
1667 2803 1953 2878 inscius
2005 2804 2168 2877 sive
2218 2802 2706 2894 immediate,
2758 2817 2843 2878 ut
2894 2804 3201 2896 dicitur,
3255 2809 3578 2883 alteram
3629 2831 3676 2881 a
3728 2803 3941 2880 nobis
3989 2825 4201 2875 mon-

985 2921 1305 2985 stratam
1357 2904 1624 2998 idealis
1675 2918 1748 2979 et
1797 2904 2024 2981 realis
2079 2905 2162 2980 in
2215 2904 2387 2981 idea
2437 2904 2598 3002 ipsa
2651 2921 2900 2981 ortam
2954 2921 3350 3003 rupturam
3405 2908 3723 3001 deleret,
3791 2920 4013 3002 atque
4053 2903 4202 2979 hoc

820 3085 831 3100 κ
880 3055 891 3056 f
988 3009 1208 3084 modo
1261 3006 1683 3095 excelsiori,
1729 3031 1960 3102 quam
2013 3007 2172 3104 ipse
2225 3020 2431 3096 erat,
2461 3005 2921 3105 philosopho,
2953 3007 3321 3104 Spinozae
3373 3009 3568 3100 dico,
3621 3007 3961 3083 et‘viam
3995 3028 4203 3078 com-

994 3213 1101 3308 cii
1146 3207 1584 3283 materiam.
1727 3303 1744 3320 ⁶

1093 3382 1099 3389 ,
1295 3308 1578 3386 Omnes
1625 3330 1836 3378 emm
1890 3303 2225 3395 dicebat,
2276 3330 2466 3401 quae
2518 3329 2690 3379 vere
2746 3319 2957 3397 sunt,
3021 3307 3475 3385 substantias
3537 3334 3839 3409 semper
3903 3304 4210 3385 easdem

997 3434 1156 3487 esse
1209 3421 1283 3482 et
1333 3423 1715 3498 aeternas,
1770 3430 1960 3503 quae
2015 3420 2298 3497 autem,
2345 3431 2594 3501 quum,
2634 3407 2831 3483 nihil
2884 3407 3035 3483 nisi
3088 3410 3330 3502 Deus,
3398 3410 3606 3485 idem
3639 3403 4206 3507 'aeternumque

997 3507 1181 3588 esse'
1208 3511 1464 3609 possit,
1517 3510 1722 3583 Deus
1773 3508 1983 3604 ipsae
2031 3508 2185 3583 sint
2236 3532 2540 3582 necesse
2592 3522 2721 3583 est.
2827 3510 3347 3586 Recordemur
3414 3526 3710 3604 autem,
3766 3510 4206 3588 Cartesium

994 3612 1129 3690 sub
1196 3613 1498 3686 notione
1557 3608 2020 3702 substantiae
2086 3607 2288 3682 nihil
2353 3609 2539 3698 nisi,
2606 3608 2801 3705 quod
2874 3608 3159 3687 Graeci
3229 3612 3595 3705 οὐσίαν,
3661 3618 3786 3687 vel
3840 3611 4086 3695 ἰδέας
4132 3626 4208 3686 et

997 3716 1180 3796 εἴδη
1233 3711 1621 3799 dicebant,
1679 3708 2176 3798 intellexisse,
2243 3721 2466 3803 atque
2529 3709 2791 3782 eodem
2839 3713 3043 3806 jure,
3095 3738 3238 3807 quo
3292 3713 3432 3803 illi,
3480 3714 3804 3790 obtineri
3861 3713 4211 3812 potuisse,

995 3813 1454 3888 substantias
1506 3833 1664 3883 esse
1717 3807 2015 3882 divinas
2058 3822 2141 3893 et
2179 3808 2436 3881 Deum
2490 3809 2765 3905 ipsum.
2867 3811 3022 3903 Quo
3072 3813 3310 3890 etiam
3360 3813 3983 3905 factum:est,‘ut
4019 3812 4208 3890 Car-

999 3913 1231 3988 tesius
1283 3909 1720 4012 discrimen,
1749 3911 2036 3984 faceret
2083 3909 2286 3982 inter
2331 3909 2787 3986 substantias
2836 3925 3176 3988 aeternas
3220 3914 3383 3990 sive
3413 3916 3749 3996 infinitas
3777 3920 3898 3994 vel
3928 3916 4211 4007 Deum,

1002 4027 1077 4088 et
1122 4012 1415 4104 finitas3
1461 4035 1642 4108 quas
1692 4009 2138 4108 posteriores
2187 4035 2450 4084 rursus
2504 4011 2586 4084 in
2640 4012 3056 4113 cogitantes
3101 4015 3270 4090 sive
3337 4018 3746 4110 animales,
3814 4033 3887 4091 et
3951 4028 4206 4093 exten·

1001 4136 1123 4189 sas
1168 4138 1301 4187 seu
1350 4137 1746 4210 corporeas
1796 4109 2094 4216 divisit3
2147 4112 2664 4187 extensionem
2718 4127 3011 4203 autem,
3078 4119 3215 4190 vel·
3250 4118 3440 4214 quod
3495 4119 3700 4193 idem
3751 4133 3900 4209 est,
3969 4123 4209 4208 mate?

1002 4214 1208 4288 riam
1241 4215 1410 4312 ‘per
1482 4227 1639 4300 tres
1700 4211 2209 4286 dimensiones
2274 4211 2355 4284 in
2420 4238 2734 4311 corpora
2797 4215 3120 4291 transire
3185 4230 3259 4292 et
3319 4214 3622 4316 praeter
3689 4218 4208 4297 extensionem

1006 4313 1242 4390 etiam
1295 4327 1594 4388 motum
1647 4312 1928 4387 habere
1979 4312 2389 4387 constituit.
3795 4371 3798 4374 -
4191 4384 4203 4390 -

1300 4414 1627 4515 Magnus
1672 4413 1806 4488 hic
1857 4412 1984 4487 vir
2032 4435 2499 4509 quamquam
2551 4411 2699 4487 hac
2749 4413 3062 4490 rationis
3115 4417 3592 4514 perceptione
3629 4423 3953 4498 notionis
3984 4422 4208 4500 disci-

1005 4514 1222 4591 dium
1273 4515 1622 4608 extinxit,
1671 4529 1929 4591 tamen
1984 4513 2168 4587 illud
2219 4515 2567 4612 primum
2617 4514 2894 4589 mentis
2948 4528 3022 4588 et
3066 4532 3380 4593 naturae
3431 4544 3563 4594 seu
3616 4547 3794 4597 vere
3832 4523 4101 4601 idealis
4140 4540 4214 4603 et

1007 4616 1236 4702 realis
1298 4615 1717 4691 discrimen
1788 4613 2073 4688 evitare
2125 4640 2272 4688 non
2323 4614 2589 4713 potuit.
2695 4613 2853 4708 Quo
2907 4616 3141 4691 etiam
3197 4635 3528 4717 apparet,
3573 4646 3752 4695 eum
3805 4626 4060 4702 minus
4090 4652 4212 4704 ra-

1005 4714 1274 4792 tionali
1342 4727 1567 4792 cursu
1619 4731 1692 4791 et
1737 4714 2260 4813 explicatione,
2314 4740 2453 4789 nec
2491 4740 2690 4804 ¹vere
2743 4716 3089 4791 rationali
3142 4720 3461 4811 actione,
3512 4745 3745 4817 quam
3792 4727 3954 4821 jam
3990 4741 4215 4805 antea

1006 4816 1376 4894 Jordanus
1423 4822 1672 4891 Bruno
1723 4830 2076 4914 sequutus
2128 4809 2333 4908 erat,
2395 4840 2516 4888 res
2581 4813 2880 4891 divinas
2944 4817 3466 4915 humanasque
3533 4827 4211 4922 comprehendisse,-

1011 4931 1085 4991 et
1148 4918 1258 4993 ita
1321 4916 1699 5009 effecisse,
1778 4933 1863 4993 ut
1928 4915 2253 4993 mundus
2317 4914 2830 5014 intelligibilis
2895 4930 2969 4990 et
3030 4918 3447 5011 sensibilis,
3516 4921 3720 4998 inter
3785 4952 3864 5002 se
3928 4930 4215 5010 diversi

1010 5031 1087 5094 ot
1131 5042 1268 5118 per
1316 5030 1879 5146 tie-constantes,
1924 5032 1997 5095 et
2047 5023 2477 5116 operantes,
2531 5018 2677 5092 Dei
2726 5030 3026 5093 tantum
3075 5024 3636 5120 supernaturali
3686 5026 3768 5102 vi
3820 5054 3912 5107 ac
3964 5035 4214 5135 placa·

953 3108 1354 3212 ,planavit,
1408 3120 1480 3180 et
1533 3107 1710 3179 novi
1762 3105 2005 3203 operis
2048 3105 2237 3202 jecit
2278 3105 2820 3199 fundamenta,
2871 3130 3012 3180 nec
3059 3132 3205 3183 non
3267 3109 3612 3212 praebuit
3659 3107 3935 3206 ¹aptam
3998 3104 4205 3181 edifi-
