4919 5890
2192 604 2433 689 ,191

698 804 847 888 cile
908 834 1092 890 sane
1150 811 1256 889 sit
1317 808 1662 890 sensibus
1728 811 2230 913 manibusque
2295 814 2876 914 comprehensu.
2980 812 3142 910 Quo
3188 816 3491 898 factum
3545 817 3924 916 videmus,

694 925 783 990 ut
833 912 1348 1014 Pythagoraei
1395 913 1729 994 mathesi
1774 927 2221 1011 uterentur,
2270 931 2357 994 ut
2408 916 2814 995 abstractis
2869 918 3218 997 numeris
3272 924 3717 1002 exercendis
3770 948 3918 1007 uon

693 1014 947 1091 solum
1001 1019 1198 1115 ejus,
1269 1012 1454 1114 quid
1512 1015 1621 1092 sit
1688 1042 1918 1101 verus
1971 1040 2338 1096 numerus
2387 1033 2465 1094 et
2518 1043 2699 1093 vera
2753 1018 3045 1125 figura,
3118 1021 3200 1097 in
3268 1025 3608 1103 hominis
3653 1030 3916 1118 animo

694 1117 1034 1215 speciem
1084 1120 1554 1211 excitarent,
1619 1119 1752 1197 sed
1818 1121 2057 1198 etiam
2131 1136 2206 1195 et
2270 1144 2774 1207 numerorum
2830 1133 2905 1194 et
2952 1122 3390 1220 figurarum
3444 1130 3610 1225 vim
3663 1147 3754 1208 et
3785 1159 3938 1233 pos

691 1231 1044 1294 testatem
1115 1235 1570 1298 recrearent.
1712 1220 1925 1318 Quod
1991 1238 2476 1301 momentum
2534 1222 2953 1321 permultos
3022 1237 3095 1298 et
3165 1231 3456 1306 veteris
3528 1233 3625 1307 etv
3669 1235 3908 1313 nostri

690 1323 1058 1422 temporis
1103 1324 1584 1424 philosophos
1631 1323 1903 1425 fugere
1954 1324 2276 1409 videtur,
2471 1346 2479 1351 ·
3786 1358 3800 1369 ·

948 1474 1112 1550 ·Ad
1164 1500 1436 1553 veram
1500 1464 1744 1578 igitur
1804 1476 2021 1553 ideae
2086 1490 2163 1552 et
2213 1472 2602 1552 idealismi
2655 1489 3014 1554 naturam
3066 1473 3306 1553 iidem
3362 1483 3906 1583 ascenderunt;

687 1572 1162 1654 definitiones
1206 1594 1472 1659 autem
1525 1576 1727 1679 ipsas
1775 1577 2209 1676 judicemus
2259 1602 2419 1653 esse
2467 1577 2906 1677 primitivas
2954 1593 3030 1654 et
3084 1578 3379 1677 primas
3429 1588 3646 1683 quasi
3697 1590 3902 1666 inter

683 1678 1155 1755 universales
1206 1695 1525 1775 ceteras.
1630 1679 1890 1756 Nihilo
1953 1695 2218 1757 tamen
2285 1680 2544 1754 minus
2615 1680 2696 1755 id
2758 1680 3050 1756 mirum
3125 1682 3460 1781 videtur,
3525 1714 3673 1786 qua
3721 1718 3897 1769 acu-

682 1779 990 1861 tissima
1041 1807 1303 1858 sensus
1356 1779 1787 1881 mentisque
1843 1784 2011 1873 acie
2056 1784 2197 1860 has
2248 1781 2643 1881 primitias
2694 1806 2737 1856 e
2782 1797 3057 1858 natura
3113 1786 3569 1888 collegerint
3617 1805 3694 1868 et
3722 1818 3898 1876 con·

679 1882 1066 1980 stituerint
1119 1882 1571 1961 notionibus.
1674 1883 1861 1979 Quis
1909 1888 2056 1979 est,
2108 1885 2242 1984 qui
2293 1883 2626 1977 nesciat,
2679 1899 3048 1981 quantum
3101 1889 3433 1965 valuerit
3479 1891 3707 1990 hujus
3771 1897 3898 1973 do-

684 1983 981 2058 ctrinae
1034 2000 1298 2062 auctor
1362 1986 1564 2086 apud
1638 1989 1987 2084 aequales
2039 2003 2113 2062 et
2160 2000 2528 2085 posteros,
2631 1997 2705 2056 et
2747 1999 3122 2082 quantum
3172 2014 3267 2062 ex
3314 2016 3403 2074 eo
3454 1991 3765 2073 fluxerit
3813 2000 3897 2075 in

682 2083 1062 2182 reliquam
1115 2085 1548 2179 Graecam,
1600 2088 1948 2162 maxime
1996 2101 2257 2163 autem
2307 2084 2784 2159 Platonicam
2833 2086 3447 2187 philosophiam?

980 2235 1212 2310 Haud
1264 2239 1506 2312 multo
1560 2235 1986 2328 minorem,
2050 2260 2283 2334 quam
2335 2235 3105 2341 Italici-philosophi,
3170 2253 3249 2314 et
3298 2242 3435 2318 ille
3484 2268 3531 2321 a
3580 2247 3902 2328 Socrate

680 2334 968 2431 optime
1020 2337 1452 2415 celebratus
1504 2338 1923 2429 Obscurus,
1966 2350 2068 2412 'et
2120 2337 2448 2414 Eleatici
2494 2361 2542 2410 a
2592 2361 2725 2412 suo
2779 2353 3217 2438 posteroque
3281 2357 3625 2447 tempore
3677 2377 3890 2431 acce-

674 2459 857 2533 pere
903 2439 1241 2515 laudem.
1344 2439 1676 2539 Uterque
1744 2453 2030 2531 autem,
2080 2455 2156 2514 et
2205 2438 2536 2515 Eleatici
2600 2451 2677 2511 et
2711 2441 3190 2537 Heraclitus,
3256 2454 3683 2553 praeceptis
3731 2457 3893 2536 suis

673 2561 911 2613 unam
987 2540 1209 2615 modo
1273 2542 1594 2644 quisque
1660 2542 2224 2643 Pythagoricae
2285 2539 2684 2616 doctrinae
2746 2548 3049 2639 p‘artem
3113 2550 3536 2648 percepisse
3589 2570 3666 2631 et
3712 2583 3887 2636 con-

672 2639 1013 2717 stituisse
1059 2641 1388 2718 videtur.
1560 2646 1759 2718 Nam
1812 2644 2337 2719 Eleaticorum
2390 2667 2524 2717 ens
2577 2668 2819 2716 unum
2869 2659 2946 2719 et
2997 2660 3242 2747 totum
3291 2652 3454 2747 jam
3506 2657 3885 2762 Pythago.

673 2764 808 2816 rae
858 2744 1161 2841 primae
1213 2744 1499 2820 unitati
1550 2745 1937 2820 inclusum
1988 2758 2123 2820 est.
2226 2743 2383 2817 Hic
2435 2756 2694 2817 autem
2749 2745 3044 2822 ratione
3093 2747 3285 2824 duce
3337 2753 3482 2833 hoc
3534 2762 3885 2855 primum

674 2866 921 2917 unum
982 2859 1060 2919 et
1124 2844 1615 2921 indefinitum
1683 2844 1780 2920 ad
1830 2844 2139 2922 definita
2188 2842 2535 2918 numeris
2579 2844 2995 2943 figurisque
3046 2856 3467 2949 promovit,
3533 2858 3652 2937 illi
3703 2887 3884 2942 vero

675 2947 958 3022 mentis
1001 2947 1471 3047 rationisque
1523 2948 1982 3025 auctoritate
2031 2947 2199 3022 nixi
2250 2943 2816 3045 praedicavere,
2869 2974 3111 3024 unum
3163 2956 3505 3054 quodque
3554 2986 3689 3039 ens
3733 2991 3884 3045 non

673 3046 825 3123 nisi
872 3073 1112 3124 unum
1170 3063 1245 3128 et
1292 3064 1541 3127 totum
1586 3075 1864 3127 verum
1915 3063 1992 3125 et
2041 3043 2393 3134 'constans
2444 3072 2607 3123 esse
2657 3072 2904 3145 posse,
2973 3065 3047 3126 et
3103 3070 3407 3151 praeter
3458 3059 3603 3139 hoc
3656 3067 3882 3164 nihil,

652 3175 847 3248 ‚vere
892 3152 1218 3244 scilicet,
1276 3177 1456 3230 esse.
1558 3152 1849 3248 Quibus
1894 3151 2124 3229 dictis
2171 3150 2486 3227 omnino
2533 3149 2880 3232 obtinere
2931 3156 3355 3252 voluerunt,
3407 3170 3880 3267 unumquod.

668 3277 836 3350 que,
886 3253 1083 3351 quod
1134 3279 1283 3331 non
1333 3256 1438 3331 sit
1472 3266 1723 3331 unum
1774 3269 1851 3331 et
1898 3269 2171 3344 totum,
2220 3251 2645 3331 secundum
2696 3254 3005 3353 quidem
3060 3258 3540 3364 Pythagorae
3590 3268 3683 3346 de
3726 3277 3882 3376 pri..

668 3379 796 3427 mo
847 3381 997 3428 uno
1048 3355 1617 3445 definitionem,
1669 3356 1721 3427 i.
1775 3380 1840 3429 e.
1890 3356 2021 3429 cui
2072 3380 2223 3429 non
2272 3356 2503 3430 unius
2553 3357 2841 3453 species
2891 3358 3160 3449 insita,
3213 3377 3289 3437 et
3341 3366 3602 3447 innata
3651 3382 3876 3472 quasi

668 3447 807 3546 si't,
864 3473 1027 3538 esse
1097 3478 1247 3530 nen
1307 3477 1560 3552 posse;
1632 3452 2227 3554 proptereaquod
2289 3454 2484 3528 haec
2553 3457 2809 3530 unitas
2841 3459 3295 3571 ‘cuicunque
3345 3470 3478 3545 rei,
3517 3478 3876 3569 praebent

667 3554 1195 3634 exsistentiam
1245 3568 1321 3631 et
1370 3556 1920 3649 constantiam,
1958 3555 2040 3631 si.
2091 3580 2159 3631 e.
2212 3567 2596 3631 naturam.
2716 3555 2901 3650 Quis
2954 3572 3209 3633 autem
3268 3590 3415 3641 non
3467 3570 3873 3679 intelligat,

668 3672 1042 3759 quantum
1104 3657 1186 3733 in
1251 3658 1398 3735 hac
1462 3658 1904 3736 definitione
1966 3656 2411 3734 idealismus
2474 3656 2577 3733 sit
2630 3663 3121 3757 progressus?
3222 3665 3360 3741 Est
3422 3673 3637 3749 enim
3688 3704 3871 3759 sane

669 3760 764 3838 ab
815 3760 1334 3835 Eleaticorum
1384 3758 1729 3859 doctrina
1766 3761 1866 3836 id
1919 3785 2097 3835 vere
2148 3782 2525 3858 magnum
2579 3775 3063 3838 momentum
3117 3768 3507 3866 cognitam
3559 3800 3652 3853 ac
3696 3789 3868 3882 pro-

664 3863 989 3955 batum,
1037 3861 1256 3934 ideas
1307 3883 1508 3953 esse,
1566 3860 2045 3939 solummodo
2111 3860 2409 3937 scilicet
2482 3860 2575 3936 ab
2645 3861 2873 3937 unius
2918 3866 3042 3938 vel
3095 3869 3421 3948 notionis
3463 3876 3688 3973 plane
3738 3886 3869 3962 ab.

660 3975 991 4042 stractae
1041 3977 1117 4039 et
1162 3962 1790 4065 simplicissimae
1846 3962 2098 4063 specie
2158 3962 2577 4054 limitata83
2651 3962 2924 4059 quibus
2986 3966 3340 4045 omnibus
3389 3990 3865 4075 argumenti,

660 4065 866 4143 nihil
919 4061 1073 4141 nisi
1124 4065 1831 4167 Pythagoraeorum
1898 4087 2023 4141 eos
2088 4064 2520 4162 probavisse
2585 4064 2866 4161 placita
2931 4068 3148 4163 plane
3190 4067 3272 4146 in
3325 4098 3677 4183 promptu
3729 4106 3862 4168 est.

655 4170 1220 4248 Verumtamen
1268 4165 1836 4267 imperfectam,
1897 4181 1973 4242 et
2034 4166 2235 4242 hanc
2311 4166 2402 4239 ob
2468 4189 2785 4243 causam
2857 4191 3007 4240 non
3052 4194 3322 4250 veram
3373 4202 3534 4256 esse
3581 4187 3868 4268 Eleati-
3944 4272 3949 4276 ,

661 4284 869 4347 cam·
900 4269 1332 4346 doctrinam
1382 4270 1837 4346 Heraclitus
1870 4267 2088 4343 bene
2145 4267 2746 4358 demonstravit,
2800 4291 3037 4363 quum
3099 4270 3425 4371 diceret,
3495 4309 3663 4379 ens,
3724 4317 3856 4368 seu

662 4371 1203 4461 substantiam,
1264 4371 1334 4447 si
1378 4371 1574 4446 nihil
1624 4384 1930 4469 praeter
1975 4392 2217 4444 unum
2273 4382 2348 4442 et
2397 4381 2646 4445 totum
2686 4369 2827 4460 sit,
2871 4396 3117 4468 neque
3165 4379 3565 4475 exsistere,
3619 4414 3859 4488 nequo

664 4486 1049 4562 constare,
1098 4474 1223 4548 vel
1273 4499 1370 4548 ne
1418 4496 1662 4547 unum
1715 4470 2024 4570 quidem‘
2079 4483 2156 4554 et
2205 4484 2476 4562 totum,
2541 4467 2736 4569 quod
2781 4469 2882 4545 sit
2931 4495 3173 4548 unum
3228 4490 3301 4552 et
3345 4494 3625 4577 totum,
3693 4517 3855 4574 ρης

659 4599 913 4677 posse;
975 4572 1186 4649 ideas
1247 4575 1449 4673 ipsas
1507 4573 1655 4650 hac
1717 4574 1811 4649 de
1870 4595 2103 4649 causa
2164 4571 2712 4672 promovendas
2780 4585 2954 4648 esse
3001 4587 3077 4649 et
3118 4578 3641 4681 recludendas,
3690 4597 3855 4675 sive

658 4680 741 4755 in
791 4675 1139 4751 fluminis
1188 4677 1531 4775 speciem·
1572 4674 1973 4752 vertendas
2023 4672 2074 4748 i.
2129 4699 2192 4750 e.
2243 4675 2508 4751 omnia
2565 4673 2648 4749 in
2698 4672 2908 4750 fluxu
2955 4698 3154 4769 esse,
3207 4680 3326 4755 vel
3376 4709 3618 4785 neque
3662 4721 3850 4795 ωε,

660 4804 801 4855 nec
847 4802 996 4853 non
1036 4801 1219 4869 esse,
1268 4776 1424 4871 sed,
1471 4803 1567 4854 ne
1616 4777 1809 4854 ideis
1851 4773 2170 4876 quidem
2216 4775 2574 4875 exceptis,
2622 4775 2815 4852 fieri.
2920 4775 3082 4870 Qua
3135 4804 3222 4855 re
3268 4784 3579 4882 probata
3606 4795 3849 4876 Hera·

660 4881 888 4958 clitus
936 4881 1261 4955 alteram
1310 4878 1574 4973 modo,
1624 4903 1856 4978 quam
1907 4876 2236 4953 Eleatici
2276 4881 2804 4978 neglexerant,
2857 4878 3413 4997 Pythagoricae
3461 4891 3851 4977 doetrinae

640 4996 957 5083 partem
1017 4982 1376 5057 assumsit
1424 4981 1971 5080 explicuitque,
2038 5003 2181 5076 quo
2242 4980 2443 5056 facto
2510 4994 2766 5056 autem
2834 4985 3072 5057 simul
3122 4984 3339 5064 ideae
3388 4992 3625 5088 ipsius
3674 5023 3849 5077 con-

659 5083 1023 5160 stantiam
1062 5084 1336 5161 ·minus
1384 5083 1713 5181 respexit
1729 5117 1761 5176 ,·
1806 5095 1883 5158 et
1934 5103 2228 5180 prorsus
2285 5082 2732 5157 debilitavit.
2786 5119 2887 5138 -
3011 5105 3016 5110 ·
3437 5109 3446 5124 ¹

2872 5177 3042 5256 02
