4919 5890
1924 528 1967 541 ..-

2277 550 2360 619 17
2434 512 2453 574 ·’

699 767 1118 837 commune
1166 765 1377 833 esset
1409 747 1928 853 principium,
1979 774 2162 829 mox
2212 764 2480 830 tamen
2535 748 2898 830 distincta
2965 773 3193 828 suum
3248 764 3568 851 utraque
3619 777 3933 838 cursum

696 863 912 960 juxta
955 860 1291 952 faceret,
1374 866 1452 931 et
1500 855 1744 933 altera
1794 852 1879 929 in
1934 855 2264 931 alteram
2318 854 2694 930 influeret.
2817 851 3101 935 Omnes
3165 868 3426 951 autem
3473 870 3569 944 ,et
3625 858 3932 960 physici

696 975 774 1039 et
806 959 1253 1060 philosophi
1304 953 1388 1033 in
1431 979 1519 1032 eo
1570 978 1754 1032 sane
1807 976 2273 1048 convenere,
2325 979 2569 1033 unum
2620 966 3136 1047 etc‘ommune
3177 980 3446 1033 rerum
3478 956 3930 1037 divinarum

696 1062 1361 1158 humanarumque
1404 1054 1923 1157 quaerendum
1968 1083 2130 1135 esse
2179 1056 2694 1158 principium,
2772 1080 2914 1156 quo
2978 1056 3241 1163 omnia
3290 1057 3683 1156 prodirent
3731 1062 3931 1139 redi-

696 1175 1053 1262 rentque,
1112 1175 1191 1237 et
1251 1173 1497 1236 essent
1545 1173 1624 1236 et
1663 1159 1955 1234 fierent.
2065 1162 2237 1236 Hoc
2290 1158 2841 1259 investigantes
2889 1180 3132 1255 quum
3183 1184 3449 1237 rerum
3500 1162 3785 1241 intuitu
3837 1189 3932 1243 ac

696 1278 1044 1362 respectu
1111 1260 1611 1354 ducerentur,
1660 1284 1977 1337 ⁴necesse
2046 1275 2253 1355 erat,
2323 1274 2411 1337 ut
2462 1283 2865 1336 summum
2925 1257 3398 1360 principium
3451 1262 3534 1342 in
3582 1265 3930 1353 sensibili

696 1389 965 1449 rerum
1014 1377 1286 1441 natura
1334 1361 1795 1452 invenirent,
1840 1386 1936 1437 ex
1987 1387 2224 1460 eaque
2274 1374 2691 1440 sumerent.
3389 1444 3402 1449 ,
3855 1458 3859 1463 ᾗ
3927 1458 3936 1467 ι

982 1452 1461 1563 ‚Huiusmodi
1511 1465 1650 1540 illa
1700 1476 1921 1539 erant
1968 1462 2414 1538 Jonicorum
2471 1462 2975 1563 physicorum
3028 1485 3489 1562 eorumque,
3521 1543 3526 1547 ,
3553 1467 3690 1564 qui
3760 1491 3925 1546 ma..

693 1566 910 1643 xime
959 1589 1087 1643 eos
1153 1566 1825 1654 consectabantur,
1889 1563 2309 1664 principia,
2373 1590 2569 1661 quae
2631 1563 3084 1662 singulatim
3152 1565 3657 1643 enumerandi
3716 1571 3927 1647 locus

691 1667 909 1745 nobis
968 1667 1193 1747 deest.
1322 1668 1582 1763 Neque
1636 1690 1819 1745 vero
1888 1667 2220 1746 nescire.
2253 1664 2656 1758 debemus,
2722 1665 2913 1742 haec
2973 1663 3633 1765 principiainitio
3684 1671 3931 1770 conti-l

594 1796 601 1803 ’
690 1770 949 1847 nuiss'e
998 1771 1226 1868 plane
1275 1768 1692 1862 sensibilia,
1743 1766 1944 1847 sicut
1993 1768 2329 1849 Thaletis
2383 1790 2692 1867 aquam,
2742 1766 3256 1859 Anaximenis
3308 1771 3572 1873 aerem
3614 1787 3692 1848 et
3716 1774 3923 1852 Ana-

694 1869 1092 1946 ximandri
1142 1873 1397 1970 ipsum
1449 1874 1725 1967 ὥεειρον
1774 1868 1940 1946 sive
1990 1868 2409 1962 infinitum,
2459 1868 2657 1967 quod
2710 1868 2910 1943 nihil
2962 1867 3114 1944 nisi
3161 1870 3637 1951 omnismodi
3698 1901 3922 1975 vapo-

694 1994 819 2048 res
867 1994 1030 2046 esse
1078 1971 1525 2068 conjiciam,
1574 1983 1760 2064 etc.;
1813 1969 2084 2046 deinde
2136 1987 2396 2047 autem
2452 1970 2550 2046 ad
2603 1967 2882 2045 idealia
2939 1968 3102 2042 sive
3125 1972 3599 2048 universalia
3628 2000 3923 2055 asscen-

696 2070 920 2164 disse,
962 2084 1050 2146 ut
1099 2067 1562 2170 Pherecydis
1614 2072 1781 2153 Ζεῢς
1830 2071 1994 2145 sive
2044 2068 2266 2163 αἰθήρ
2317 2082 2394 2145 et
2443 2067 2714 2162 κράνος,
2767 2068 3150 2145 Heracliti
3196 2073 3334 2164 πῦρ
3384 2085 3575 2167 etc.;
3623 2101 3919 2157 omnes,
3963 2107 3967 2110 ⁴

696 2199 846 2272 que
891 2196 981 2247 eo
1031 2170 1256 2247 modo
1307 2183 1669 2247 naturam
1720 2172 2039 2261 realem,
2078 2184 2175 2251 ¹ut
2224 2171 2337 2246 ita
2381 2167 2684 2260 dicam,
2745 2169 2827 2244 in
2878 2182 3233 2246 naturam
3286 2171 3621 2250 idealem
3674 2192 3920 2265 trans-

695 2273 1000 2363 tulisse,
1066 2272 1119 2347 i.
1165 2298 1232 2352 e.
1278 2270 1377 2348 ad
1427 2267 1819 2346 idealismi
1867 2271 2208 2371 primam
2253 2271 2595 2346 formam
2647 2271 3083 2367 transiisse,
3125 2296 3331 2370 quae
3379 2275 3697 2393 quidem
3752 2285 3918 2379 jam

572 2393 580 2401 ·
694 2374 849 2452 fuit
900 2373 1182 2450 mentis
1236 2373 1500 2449 forma
1547 2394 1680 2447 seu
1734 2373 1936 2446 notio
1990 2364 2273 2464 (ἒῖὃθς),
2344 2383 2888 2449 Verumtflmen
2949 2374 3427 2451 ‘olummod‘’
3494 2405 3579 2453 ¹¹²
3644 2398 3918 2471 mmm-²

694 2475 1007 2576 cognita
1065 2488 1143 2549 et
1196 2473 1541 2552 conscita
1590 2495 1737 2553 ‚seu
1801 2471 2047 2570 potius
2105 2473 2483 2572 quaedam
2547 2488 2866 2577 naturae
2934 2475 3255 2577 species,
3279 2490 3355 2554 et
3405 2480 3914 2591 elementum,

692 2579 951 2675 itaque
1000 2568 1441 2672 hujusmodi
1493 2572 1966 2672 principium
2018 2574 2357 2652 nondum
2408 2600 2592 2653 vere
2643 2575 2804 2653 dici
2839 2580 3092 2676 ¹potest
3138 2575 3420 2673 ideale,
3484 2601 3913 2688 propterea.

694 2676 891 2777 quod
942 2677 1147 2756 notio
1197 2678 1364 2755 sive
1426 2674 1600 2754 idea
1649 2674 1856 2754 haud
1904 2676 2219 2752 omnino
2275 2703 2320 2755 a
2371 2679 2723 2756 realitate
2769 2693 2885 2758 est
2934 2682 3274 2778 sejuncta
3321 2695 3395 2755 et
3439 2683 3724 2785 libera,
3763 2718 3915 2770 non

652 2873 665 2877 -
693 2787 887 2881 pura
930 2790 1009 2856 et‘
1051 2777 1493 2876 spiritualis.
1628 2854 1631 2855 γ

993 2877 1145 2957 Sed
1184 2879 1283 2957 ad
1331 2880 1532 2956 hanc
1596 2877 1857 2975 etiam„
1901 2879 2274 2957 virtutem
2323 2877 2928 2978 consequendam
2990 2905 3166 2959 eam
3216 2884 3564 2961 maxime
3607 2887 3914 2989 adjuve-

691 2994 877 3062 runt
921 2979 1457 3079 Pythagor-aei
1501 2994 1727 3078 atque
1753 2980 2123 3075 Eleatici,
2176 3007 2222 3059 a
2268 2982 2566 3079 quibus,
2618 2982 2894 3082 quippe
2939 3008 3181 3083 ‘quum
3232 2987 3580 3084 primum
3629 3014 3712 3066 se
3761 2991 3914 3091 ipsi

683 3080 1202 3200 philosophos,
1277 3082 1329 3158 i.
1396 3107 1463 3159 e.
1523 3082 1947 3180 sapientiae
2013 3097 2422 3161 sectatores
2491 3085 3000 3182 appellarent,
3078 3087 3226 3163 hac
3288 3115 3377 3164 re
3436 3091 3911 3194 philosophia

556 3183 611 3236 ·.
689 3188 857 3287 5932
905 3210 1084 3261 vere
1136 3185 1454 3262 mitium
1500 3185 1808 3281 ceperit.
1911 3189 2113 3261 Nam
2166 3187 2400 3262 sicuti
2450 3185 2760 3286 physici
2794 3183 3907 3292 quaesiverantmbstantiam',

687 3312 880 3388 quae
940 3285 1437 3384 faudamenti·
1487 3285 1732 3361 instar
1793 3288 2074 3365 inesset
2138 3288 2494 3364 omnibus
2538 3286 2802 3380 rebus,
2862 3294 2990 3367 vel
3055 3291 3219 3413 ipsa
3277 3311 3760 3380 commutata
3823 3301 3908 3382 in

689 3410 953 3466 rerum
1015 3387 1349 3484 species,
1418 3387 1792 3482 appellata
1855 3412 1904 3464 a
1969 3387 2295 3464 Graecis
2341 3389 2440 3459 ὄν
2505 3389 2672 3463 sive
2729 3389 3002 3470 ὅντως
3064 3417 3162 3461 ον
3221 3392 3270 3466 i.
3325 3420 3390 3471 e.
3433 3399 3692 3494 prima
3741 3404 3908 3486 sive

688 3514 845 3566 una
890 3485 1350 3581 substantia3
1401 3485 1511 3562 ita
1562 3484 1844 3583 primi,
1898 3511 2082 3584 quos
2134 3487 2355 3565 modo
2408 3485 2790 3578 diximus,
2841 3487 3267 3588 philosophi
3317 3495 3522 3575 haud
3563 3501 3906 3583 substan.

688 3592 888 3668 tiam
934 3588 1214 3665 formis
1252 3586 1677 3684 finibusque
1721 3583 2365 3666 circumscribere
2414 3601 2492 3663 et
2534 3587 2935 3688 disponere
2985 3592 3241 3666 conati
3281 3609 3512 3694 sunt„
3579 3600 3708 3679 Illi
3758 3606 3905 3709 igi.

689 3703 823 3769 tur
880 3704 1319 3792 spectarunt
1374 3686 1875 3788 qualitatem,
1953 3690 2040 3767 hi
2107 3689 2642 3788 quantitatem.
2800 3688 3274 3785 Quantitat‘es
3325 3712 3601 3778 autem
3666 3731 3907 3806 quum

690 3793 1045 3871 maxime
1105 3791 1260 3870 sint
1320 3787 1761 3870 referendae
1824 3789 1922 3867 ad
1983 3792 2326 3869 formam
2390 3793 2696 3891 (quippe
2756 3817 2955 3889 quae
3009 3792 3298 3872 iterum
3343 3816 3483 3878 aut
3519 3802 3630 3880 ad
3674 3809 3908 3891 unius

686 3897 919 3973 totius
968 3909 1101 3973 aut
1145 3890 1669 3980 multitudinis.
1712 3891 2076 3991 speciem,
2128 3893 2485 3991 deinceps
2538 3893 2635 3970 ad
2682 3893 3017 3993 figuram
3077 3897 3527 4002 pertineat),
3602 3905 3905 3993 factum

682 4023 866 4076 esse.
892 3997 1273 4089 videmus,
1322 4009 1410 4070 ut
1457 4017 1642 4096 prae
1689 3994 1968 4088 ceteris
2017 3996 2139 4074 his
2188 4019 2456 4072 rerum
2502 3995 3068 4072 definitionibus
3113 3999 3533 4099 studerent,
3583 4009 3742 4088 viri
3783 4009 3904 4093 illi

686 4097 1294 4201 ingeniosissimi
1348 4111 1573 4198 atque
1624 4094 2075 4172 acutissimi.
2228 4098 2477 4193 Quam
2530 4096 2622 4173 ob
2673 4120 2994 4186 causam
3044 4125 3347 4180 necesse
3396 4121 3601 4204 erat,
3666 4129 3754 4190 nt
3817 4120 3901 4195 in

682 4200 1133 4279 definiendis
1194 4198 1417 4278 rebus
1478 4195 1982 4276 substantiam
2031 4222 2160 4274 seu
2213 4198 2621 4278 materiem
2678 4198 2901 4274 initio
2954 4216 3157 4278 certe
3195 4209 3628 4289 nullomodo
3677 4219 3904 4314 plane

687 4305 1207 4402 negligerent,
1255 4315 1390 4378 aut
1447 4311 1867 4400 negarent,
1962 4313 2544 4394 verumtamen,
2633 4313 2719 4375 ut
2782 4300 2957 4376 fieri
3016 4301 3271 4404 debet,
3339 4315 3637 4391 nullam
3710 4321 3898 4415 ejus,

688 4410 823 4471 aut
872 4422 1194 4496 parvam
1243 4404 1627 4479 rationem
1687 4400 2093 4496 haberent3
2172 4403 2446 4504 quippe
2510 4426 2788 4501 quum,
2868 4407 3065 4504 quod
3130 4412 3465 4487 maximi
3523 4416 3902 4500 momenti

684 4512 839 4591 est,
910 4521 1139 4596 puras
1200 4504 1419 4579 modo
1483 4503 2130 4602 sempiternasque
2182 4518 2256 4579 et
2300 4505 2597 4604 primas
2647 4505 2864 4603 quasi
2913 4505 3205 4584 formas
3256 4538 3298 4585 e
3351 4527 3625 4591 natura
3677 4545 3900 4605 cona„

684 4612 955 4777 {gutur
1002 4603 1440 4710 enucleare,
1511 4602 2048 4703 sensibilesque
2107 4630 2232 4684 res
2293 4608 2590 4684 nullam
2655 4631 2997 4707 unquam
3062 4610 3471 4692 veritatem
3534 4623 3899 4718 praebere

782 4716 1064 4778 cerent.

676 4861 683 4868 .
984 4801 1268 4885 Omnes
1318 4801 1561 4907 igitur
1607 4805 1890 4888 horum
1934 4807 2410 4905 quaestiones
2463 4808 2559 4886 ad
2609 4808 2691 4884 id
2731 4833 3191 4907 convenere,
3255 4817 3436 4914 quid
3484 4821 3586 4899 sit
3633 4828 3713 4899 τὸ
3727 4822 3821 4914 ἓν,
3853 4831 3900 4913 ἡ

670 4899 954 4996 μορφή,
1003 4904 1166 4982 sive
1216 4908 1260 4992 ἡ
1317 4905 1493 4991 ἰδέα,
1518 4922 1596 4985 et
1642 4902 2360 5012 (Rufina-vatidus?
2413 4913 2684 5011 quibus
2733 4910 3190 4991 substantiae
3243 4918 3637 5017 detractis,
3702 4926 3900 5004 nihil

666 5024 945 5079 -rerum
998 5033 1138 5086 nec
1192 5023 1561 5104 constare,
1613 5036 1754 5087 nec
1806 5008 2426 5113 cognoschosse
2463 5015 2573 5091 (ab
2620 5012 2897 5091 iisdem
2947 5039 3313 5115 perquam
3359 5023 3549 5102 bene
3593 5026 3899 5110 demon.

3022 5111 3092 5194 G
