4919 5890
2475 554 2506 639 j
2562 528 2634 603 s.
2739 582 2742 589 ,
2849 519 2876 535 ·

992 750 1182 827 haec
1234 730 1614 839 sanestria
1667 743 2060 839 momenta
2117 730 2240 809 vel
2307 730 2938 832 quasi'scientiae
2997 756 3042 810 a
3115 746 3384 813 mente.
3424 730 3983 834 comparandae
4037 757 4196 810 moe

993 842 1432 937 dossuique
1464 835 1993 915 conscientiae
2041 832 2334 914 formas
2385 836 2839 913 constituere
2890 835 3271 919 debemus.
3352 912 3360 919 ,
3439 908 3442 911 ,
3641 896 3646 905 .
3831 914 3836 919 ,

1296 946 1402 1044 1)...
1455 943 1669 1017 Mens
1720 935 1970 1028 enim,
2052 934 2247 1034 quod
2312 935 2631 1011 initium
2698 936 3156 1037 cognitionis
3217 950 3369 1028 est,
3433 958 3656 1023 suam
3728 933 3983 1010 aciem
4029 960 4201 1027 ase

872 1059 938 1135 ’ἵ
995 1048 1278 1132 avertit
1325 1040 1792 1136 inflectitque
1839 1052 2156 1115 naturae
2207 1035 2523 1131 formis,
2582 1064 2732 1135 qua
2782 1040 2913 1113 via
2965 1063 3113 1113 non
3160 1037 3382 1113 modo
3409 1059 3738 1128 rerum,
3788 1033 3920 1129 sed
3968 1037 4055 1113 in
4100 1037 4201 1113 iis

914 1198 953 1215 ,-
998 1156 1120 1233 sui
1170 1146 1408 1248 ipsius
1459 1142 1698 1219 etiam
1748 1152 2149 1231 naturam,
2228 1136 2397 1213 vim
2440 1151 2520 1233 et
2567 1153 3009 1237 potestatem
3063 1137 3441 1229 intuetur,
3504 1134 4083 1236 comprehendit
4128 1151 4202 1212 et

994 1240 1701 1350 *comprehendendo
1749 1241 2181 1343 cognoscit.-
2275 1238 2376 1316 Se
2427 1240 2674 1340 ipsam
2727 1242 2970 1342 igitur
3029 1238 3234 1316 haud
3294 1241 3376 1314 in
3426 1264 3548 1332 se,
3630 1261 3908 1327 verum
3957 1238 4042 1314 in
4096 1240 4201 1314 al·

999 1343 1444 1453 terofquod
1493 1341 1636 1417 sibi
1661 1341 2171 1446 contrarium
2200 1353 2369 1429 ¹est,
2421 1341 2793 1440 conspicit
2843 1339 3060 1436 quasi
3112 1340 3194 1415 in
3245 1330 3583 1438 speculo}
3649 1337 3844 1437 quod
3895 1337 4207 1435 quidem

982 1451 1426 1553 ,oppositum
1498 1467 1767 1519 omnes
1840 1443 2120 1519 mentis
2156 1503 2161 1509 .
2195 1442 2449 1517 radios
2525 1443 2756 1531 quasi.
2817 1443 3220 1540 ..ciemquo
3295 1442 3380 1517 in
3450 1466 3530 1516 se
3609 1439 3852 1517 flectit
3915 1453 3993 1515 et
4054 1443 4203 1516 col-

1002 1557 1216 1657 ligit,
1258 1601 1263 1606 -
1307 1546 1550 1623 menti
1627 1544 1774 1641 ipsi
1843 1556 2100 1617 autem
2169 1542 2312 1640 suh
2386 1542 2642 1621 forma
2719 1544 2868 1618 visi
2933 1544 3098 1619 sive
3166 1540 3530 1634 visionis,
3619 1562 3852 1638 quam
3919 1538 4245 1618 Graeci'

1003 1650 1395 1752 φαντασξὶαν
1445 1648 1567 1728 vel
1621 1647 1859 1721 etiam
1909 1641 2099 1713 ἰδέαν
2149 1643 2587 1736 nominant,
2639 1670 2719 1719 se
2762 1655 3294 1744 repraesentat.
3394 1642 3804 1731 Attamen,
3872 1640 3941 1715 si
3993 1665 4210 1717 mens

974 1780 1180 1836 -eam
1230 1775 1381 1829 non
1423 1746 2022 1847 transgreditur,
2066 1760 2375 1842 ‘semper
2423 1745 2937 1844 opinionibus,
2973 1743 3274 1842 quibus
3325 1744 3489 1820 vita
3539 1742 4014 1831 communis,
4064 1742 4210 1816 dis-

1002 1869 1344 1973 ceptetur
1393 1873 1485 1924 ac
1538 1862 1878 1936 vexetur,
1929 1871 2167 1941 neque
2218 1845 2312 1920 ad
2366 1845 2782 1939 scientiam
2811 1869 3080 1922 veram
3129 1845 3296 1920 sive
3343 1844 3904 1943 philosophiam
3953 1867 4212 1938 perve-

1004 1960 1169 2037 niat
1214 1974 1518 2056 necesse
1562 1962 1697 2024 est.
1802 1946 2189 2023 Scientiae
2243 1946 2486 2042 igitur
2532 1948 2849 2028 initium
2881 1949 2989 2023 ita
3017 1945 3210 2037 erit,
3257 1958 3366 2036 ut,
3415 1969 3653 2042 quam
3678 1968 3895 2019 mens
3948 1967 4215 2019 rerum

904 2077 910 2085 ·
985 2062 1361 2135 *formam-
1396 2062 1620 2126 nacta
1664 2045 1766 2123 sit
1810 2062 1888 2123 et
1953 2043 2484 2139 verbenam»)
2546 2072 2782 2122 unam
2854 2051 3275 2122 alteramve
3339 2043 3977 2135 communiverit,
4039 2067 4215 2119 eam

1005 2162 1089 2236 in
1140 2166 1389 2256 partes
1438 2149 1840 2238 dissolvat,
1887 2150 2084 2243 qu‘ae
2132 2145 2285 2221 sint
2337 2158 2469 2223 aut
2511 2146 2771 2244 prima
2823 2149 3071 2239 (αρχαὶ
3117 2145 3283 2221 sive
3333 2148 3671 2241 ςοιχεῖα),
3732 2158 3866 2222 aut
3917 2168 4215 2244 compo-

1003 2263 1154 2338 sita
1203 2281 1297 2339 ex
1323 2250 1473 2339 his,
1523 2251 1576 2321 i·
1631 2273 1696 2319 θ·
1732 2248 1864 2342 ,rei
1916 2247 2319 2319 notionem
2352 2236 2596 2340 (εἶδος)
2642 2250 3069 2324 constituat.
3174 2245 3458 2323 Omnes
3511 2239 3771 2323 autem
3832 2244 3980 2321 hae
4031 2247 4217 2322 acti-

1004 2380 1185 2437 ones
1240 2373 1457 2428 mens
1501 2344 1708 2423 haud
1736 2367 2011 2420 „secum
2062 2342 2248 2435 scit,
2319 2368 2461 2418 nec
2512 2370 2686 2419 suas
2736 2346 3345 2443 comprehendit,
3415 2346 3546 2420 sed
3605 2348 3828 2423 rebus
3868 2359 4026 2422 tota
4075 2348 4218 2421 im-

1009 2468 1260 2536 mersa
1323 2452 1577 2549 iisque
1644 2450 1877 2520 arcte
1907 2445 2350 2541 conjuncta,
2417 2442 2502 2518 in
2560 2443 2681 2519 his
2730 2447 2850 2520 sui
2900 2445 3544 2543 ipsius.naturam
3592 2459 3670 2518 et
3716 2447 4217 2521 substantiam

904 2588 911 2595 -
1007 2557 1394 2661 percipere
1443 2563 1519 2625 et
1565 2547 1997 2621 libertatem
2048 2545 2391 2650 nancisci
2454 2547 2789 2620 molitur.
2894 2550 3061 2622 Hoc
3114 2568 3294 2620 vere
3338 2544 3792 2644 cognitionis
3830 2546 4047 2641 quasi
4097 2572 4222 2621 ve-

1010 2659 1377 2738 stibulum
1442 2653 1818 2750 ingressos
1882 2646 2233 2722 videmus
2294 2644 2583 2743 primos
2657 2645 3138 2723 Graecorum
3191 2645 3720 2745 philosophos,
3797 2646 3964 2721 illos
4025 2646 4240 2740 dico,

1004 2784 1194 2859 quos
1261 2757 1490 2852 vulgo
1557 2749 1881 2845 apellant
1935 2747 2228 2822 Ionicos
2289 2772 2421 2823 seu
2491 2745 2907 2846 Physicosf,
2987 2749 3343 2849 idemque
3408 2771 3713 2844 semper
3776 2770 4220 2848 semperque

1013 2857 1443 2962 ingreditur
1492 2851 1835 2924 humana
1884 2848 2256 2942 juventus.
3521 2931 3526 2935 .

930 2964 934 2974 '
1308 2959 1419 3045 2)
1494 2944 1700 3027 Cum
1754 2962 1913 3045 post
1964 2961 2071 3022 tot
2123 2973 2214 3024 ac
2264 2961 2480 3023 tanta
2529 2947 2982 3022 discrimina
3036 2972 3252 3023 mens
3321 2947 3673 3022 mirabili
3725 2943 4057 3042 quadam
4106 2948 4218 3018 in-

1014 3061 1224 3165 genii
1285 3053 1450 3129 acie
1521 3064 1596 3124 et
1654 3048 1989 3123 sollertia
2044 3048 2252 3122 facta
2309 3069 2577 3120 rerum
2646 3047 3099 3143 dispexerit,
3193 3060 3552 3120 naturam
3621 3046 4057 3140 formasque
4113 3045 4222 3118 di-

1012 3158 1286 3237 viserit
1337 3168 1412 3228 et
1454 3152 1536 3223 in
1588 3149 1877 3246 prima,
1932 3166 2123 3242 quae
2175 3146 2527 3220 omnibus
2568 3144 2851 3235 adsint,
2904 3159 2979 3220 et
3028 3147 3126 3219 in·
3162 3147 3464 3245 singula
3510 3145 3772 3235 varia,
3833 3169 4024 3240 quae
4060 3147 4225 3219 uni-

912 3319 921 3326 .
1017 3262 1290 3356 cuique
1317 3254 1433 3328 rei
1472 3249 1773 3364 propria
1826 3246 2001 3337 sint,
2032 3246 2295 3319 omnia
2348 3246 2540 3320 haec
2568 3246 2878 3321 omnino
2919 3247 3421 3343 perspexerit,
3471 3244 3564 3321 ad
3591 3244 3950 3320 altiorem
3985 3245 4226 3320 scien-

1019 3363 1174 3439 tiae
1227 3354 1554 3457 gradum
1602 3348 1986 3446 adspirare
2032 3345 2463 3444 periculum
2511 3346 2724 3420 facit..
2825 3347 3132 3421 Avertit
3154 3343 3383 3420 “enim
3448 3371 3606 3420 sese
3659 3369 3703 3419 a
3754 3368 4018 3420 rerum
4066 3362 4227 3444 spe-

1020 3460 1277 3541 ciebus
1331 3453 1428 3530 ad
1479 3474 1745 3525 earum
1801 3448 2177 3531 actiones,
2248 3470 2431 3542 quas
2487 3447 2828 3544 primum
2879 3449 3159 3522 mentis
3202 3449 3650 3521 universum
3693 3447 4016 3521 tenentis
4067 3448 4228 3547 agi-

1020 3561 1396 3654 tantisque
1468 3553 1636 3627 vim
1714 3573 1876 3622 esse
1952 3548 2343 3645 opinatur,
2419 3550 2636 3643 cujus
2688 3549 3070 3644 opinionis
3122 3550 3324 3622 inter
3368 3546 3717 3624 Graec‘os
3759 3547 4229 3646 philosophos

1020 3661 1370 3738 maxime
1422 3678 1513 3728 ac
1565 3648 1995 3729 clarissime
2047 3651 2544 3743 Anaxagoras
2598 3649 2895 3744 aperuit
2945 3649 3182 3722 viam.
3260 3650 3436 3721 Mox
3489 3661 3775 3737 autem,
3828 3646 4229 3724 intellectis

1024 3754 1629 3856 comparatisque
1682 3749 1778 3821 iis
1828 3769 2011 3821 cum
2061 3746 2242 3835 suis,
2287 3771 2461 3820 suas
2503 3746 2741 3841 ipsius
2791 3748 3396 3845 esse-cognoscit.
3495 3748 3791 3822 Relicta
3842 3771 4107 3822 rerum
4156 3763 4234 3822 et

1025 3876 1341 3939 naturae
1389 3867 1465 3927 et
1518 3863 1770 3947 postea
1824 3847 2212 3919 actionum
2264 3846 2903 3943 perscrutatione3
2979 3848 3256 3944 quippe
3319 3847 3516 3944 quod
3584 3871 3852 3923 earum
3905 3848 4234 3922 visiones

1026 3978 1101 4040 et
1152 3957 1461 4036 animae
1510 3948 1725 4047 quasi
1776 3948 2035 4020 animo
2090 3946 2425 4025 humano
2480 3945 2928 4022 inhaereant
2978 3969 3069 4021 ac
3119 3947 3270 4022 sint
3310 3962 3776 4048 praesentes;
3809 3947 4106 4033 ,mentis
4151 3947 4232 4021 in

1014 4057 1363 4139 hominis
1424 4052 1627 4140 vita,
1711 4048 1936 4123 factis
1999 4048 2507 4143 institutisque
2572 4047 2926 4123 habitum
2989 4062 3064 4122 et
3112 4048 3413 4126 horum⁴
3447 4049 3802 4132 omnium
3854 4044 4236 4143 principia

1029 4160 1427 4258 exquirere
1480 4150 1723 4225 studet
1776 4161 1848 4221 et
1901 4158 2192 4220 struere
2242 4147 2759 4223 fundamenta.
2862 4148 3021 4241 Quo
3074 4146 3371 4224 factum
3417 4149 3809 4233 videmus,
3875 4158 3961 4218 ut
4004 4143 4233 4222 homo

1030 4289 1176 4340 non
1230 4253 1450 4333 modo
1504 4252 1945 4337 vinculum,
2016 4271 2159 4342 quo
2212 4271 2394 4321 cum
2440 4262 2715 4323 natura
2747 4250 3296 4348 conjungitur,
3367 4247 3846 4347 perfringat,
3901 4244 4031 4321 sed
4075 4271 4236 4321 om-

1029 4366 1249 4440 nium
1294 4355 1528 4432 etiam
1580 4371 1844 4423 rerum
1899 4347 2276 4445 principia
2332 4363 2405 4422 et
2447 4349 2791 4424 inveniat
2841 4350 2921 4423 in
2959 4353 3054 4423 'se
3102 4366 3177 4424 et
3229 4351 3582 4440 collocet,
3671 4344 4148 4442 quinetiam
4196 4375 4238 4421 e
4279 4391 4298 4398 „

1030 4455 1305 4540 natura
1352 4479 1512 4533 sese
1562 4465 1806 4525 totum
1859 4448 1941 4522 in
1993 4472 2071 4524 se
2121 4447 2467 4539 revocet,
2543 4473 2767 4546 seque
2814 4449 2972 4547 ipse‘
3024 4449 3405 4549 intelligat
3452 4473 3610 4523 esse
3665 4445 3971 4539 divinae
4026 4459 4241 4521 natu-

1034 4572 1168 4638 rae
1217 4574 1291 4635 et
1338 4552 1733 4642 omnium,
1808 4572 2009 4647 quae
2077 4548 2269 4638 sint,
2358 4572 2624 4641 rerum
2687 4548 3125 4623 divinarum
3180 4550 4241 4643 humanarumque‘comper-

1034 4679 1197 4738 tem
1243 4673 1318 4733 et
1367 4654 1799 4743 conscium3
1852 4650 2279 4723 orationem
2335 4661 2636 4735 autem,
2712 4646 2908 4745 quod
2959 4648 3287 4724 mirum!
3363 4651 3746 4726 rationem
3795 4642 4087 4738 (λόγον)
4132 4646 4243 4741 ip·

1037 4786 1247 4853 sam,
1335 4753 1684 4830 omnium
1747 4751 2116 4852 honorum
2182 4750 2617 4824 formarum
2671 4776 2765 4822 ue
2830 4761 2905 4822 et
2954 4750 3465 4827 inventricem
3513 4761 3585 4823 et
3637 4741 4049 4819 rectricem
4110 4745 4245 4837 ita,

1036 4859 1136 4940 ut‘
1186 4881 1407 4961 porro
1476 4854 1561 4926 in
1623 4850 2193 4927 conformandis
2254 4849 2618 4926 moderan
2678 4849 2884 4946 'sque
2950 4849 3174 4925 rebus
3240 4851 3438 4925 ratio*
3496 4845 3782 4936 mentis
3828 4845 4087 4917 locum
4140 4860 4246 4916 te-

1041 4978 1252 5053 neat,
1304 4970 1379 5034 et
1428 4952 1642 5053 quasi
1689 4952 2244 5066 principatum,
2296 4951 2848 5048 gravissimum
2901 4950 3338 5026 mehercule
3392 4946 3906 5026 momentum!
3968 4933 4252 5039 Ecquis

2944 5078 2948 5082 ·
3903 5054 4244 5118 nostrum
