4919 5890
2316 553 2359 618 7

723 759 833 832 ita
885 778 1110 833 suum
1167 754 1480 849 cuique,
1550 766 1634 824 ut
1685 753 1875 843 sint,
1945 752 2283 830 nec'non
2338 755 2530 845 si'nt3
2597 750 2866 849 quippe
2917 752 3108 850 quod
3163 749 3616 829 discrimina
3669 776 3936 830 earum

723 860 875 934 sint
924 859 1172 931 solum
1225 856 1439 951 quasi
1492 866 1765 935 eventu
1819 878 1908 928 ac
1961 854 2337 948 visioneS,
2418 877 2604 953 quas
2657 877 2871 927 mens
2926 855 3272 950 quidem,
3349 868 3435 929 ut
3486 854 3933 948 exstiterint,

722 955 1358 1055 comprehendat,
1429 953 1894 1027 dissolvendo
1948 969 2202 1029 autem
2226 1010 2261 1048 ,,
2316 953 2798 1055 quodmenti
2850 979 3028 1030 sane
3085 958 3552 1034 miraculum
3606 956 3931 1048 videtur,

723 1070 1148 1146 conservet,
1214 1068 1290 1128 et
1340 1054 1533 1152 quod
1585 1078 1857 1128 verum
1911 1055 1992 1128 in
2038 1056 2135 1130 iis
2180 1060 2318 1148 sit,
2398 1056 2723 1156 explicet
2775 1078 2868 1130 ac
2933 1055 3416 1133 demonstret.
3532 1055 3739 1150 Quae
3788 1058 3936 1158 igi-

720 1176 846 1234 tur
896 1172 971 1232 et
1021 1154 1194 1253 quot
1244 1156 1396 1231 sint
1446 1154 1731 1253 species
1781 1154 2174 1231 ldealismi
2228 1161 2532 1256 ejusque
2585 1170 2862 1255 partes,
2909 1156 3050 1233 hoc
3101 1160 3263 1235 loco
3306 1181 3757 1255 componere
3809 1160 3930 1234 de-

718 1258 1213 1351 stinavimus3
1279 1280 1540 1332 omnes
1584 1256 1897 1329 omnino
1952 1258 2163 1331 nobis
2216 1283 2388 1334 eam
2436 1259 2816 1334 rationem
2863 1255 3240 1352 indicant,
3309 1282 3539 1356 quam
3591 1259 3926 1335 intellec-

716 1377 835 1435 tus
880 1356 1847 1459 humanus.cognoscendis
1916 1358 2623 1458 transferendisque*
2654 1372 2969 1434 naturae
3019 1360 3294 1437 formis
3341 1359 3489 1433 sibi
3541 1360 3926 1451 sumserit,

716 1477 789 1535 et
840 1485 981 1558 quo
1036 1457 1255 1533 modo
1307 1460 1409 1533 sit
1470 1482 1653 1533 vera
1717 1480 1983 1532 rerum
2052 1457 2496 1536 divinarum
2549 1460 3215 1557 humanarumque
3280 1475 3553 1535 natura
3606 1460 3924 1534 notioni·

712 1565 849 1637 bus
902 1563 1337 1659 exploratas
1410 1558 1848 1657 Exploratio
1900 1570 2160 1634 autem
2210 1587 2393 1637 vera
2462 1587 2550 1636 ea
2606 1561 2942 1650 videtur,
3019 1586 3176 1658 qua
3217 1585 3479 1636 omnes
3540 1559 3923 1635 idealismi

713 1664 998 1762 species
1046 1684 1285 1735 unam
1339 1674 1416 1734 et
1464 1659 1908 1734 continuam
1959 1662 2243 1736 seriem
2290 1663 2453 1737 sive
2505 1660 2852 1736 ordinem
2906 1662 3016 1737 ita
3058 1662 3563 1751 constituunt,
3617 1673 3700 1734 ut
3749 1661 3924 1738 ulti-

716 1791 845 1839 ma
897 1763 1061 1838 sine
1128 1760 1507 1858 prioribus
1569 1784 1728 1834 esse
1800 1785 1949 1835 non
2009 1765 2274 1860 possit,
2352 1787 2623 1861 easque
2688 1786 2950 1837 omnes
3018 1762 3098 1836 in
3162 1787 3241 1839 se
3307 1762 3470 1859 ipsa
3522 1763 3925 1837 contineat.

709 1869 968 1959 Itaque
1020 1863 1209 1935 haec
1261 1876 1638 1959 postrema
1690 1861 1923 1935 simul
1976 1864 2211 1938 etiam
2263 1864 2350 1936 fit
2400 1864 2778 1963 perfecta,
2833 1862 3166 1938 absoluta
3220 1875 3295 1936 et
3322 1863 3544 1937 rebus
3574 1862 3926 1947 omnibus

712 1990 861 2037 non
906 1962 1237 2037 naturali
1288 1962 1621 2059 quidem,
1664 1960 1794 2037 sed
1844 1962 2074 2037 ideali
2125 1991 2258 2040 seu
2309 1964 2691 2060 spirituali
2738 1963 2959 2035 modo
3013 1964 3390 2058 completa
3437 1986 3736 2037 necesse
3787 1976 3921 2049 est.

711 2067 880 2138 Hoc
932 2076 1191 2135 autem
1241 2061 1640 2137 idealismo
1692 2062 1854 2137 sive
1902 2063 2133 2137 ideali
2185 2061 2659 2162 philosophia
2712 2060 2883 2135 idea
2949 2061 3141 2143 reali
3190 2085 3323 2135 seu
3374 2061 3706 2136 naturali
3759 2085 3923 2143 cor-

711 2189 889 2262 pore
938 2162 1259 2235 liberata
1314 2187 1405 2235 ac
1458 2161 1840 2240 velamine
1890 2163 2106 2256 quasi
2155 2162 2538 2260 spirituali
2606 2163 2727 2234 vel
2798 2159 3055 2235 divino
3130 2159 3395 2236 induta
3463 2174 3573 2236 est
3587 2203 3612 2253 ,ς
3690 2172 3764 2235 et
3831 2159 3925 2234 ad

709 2287 984 2338 verum
1032 2275 1577 2357 aeternumque
1626 2284 1893 2333 rerum
1944 2274 2230 2336 statum
2285 2265 2506 2340 elata.
2571 2296 2676 2316 -—
3914 2343 3923 2353 ,

1009 2361 1295 2455 Quibus
1340 2362 1449 2436 ita
1499 2360 1853 2455 expositis
1912 2360 2297 2434 idealismi
2344 2363 2695 2467 primum
2723 2381 2997 2457 puram
3032 2356 3195 2434 sive
3225 2355 3596 2450 idealem‚
3650 2357 3921 2436 deinde

707 2461 1154 2538 historicam
1206 2460 1368 2534 sive
1418 2462 1709 2534 realem
1759 2460 2091 2556 speciem
2147 2461 2527 2560 explicare
2561 2461 2950 2557 reliquum
2991 2460 3310 2535 videtur.
3416 2459 3687 2533 Totam
3720 2459 3918 2554 prio-

706 2565 813 2638 ris
863 2564 1078 2636 viam
1130 2558 1293 2635 sive
1344 2560 1669 2634 notionis
1719 2561 2123 2658 explicitae
2175 2585 2516 2656 cursum,
2567 2561 2635 2634 si
2686 2561 2943 2635 animo
2997 2558 3640 2659 perpenderimus,
3695 2584 3916 2657 appa-

582 2670 597 2681 *
700 2665 901 2737 ‘rebit
952 2675 1157 2736 certo
1209 2662 1586 2758 tripartita
1641 2660 1801 2754 ejus
1852 2663 2128 2751 facies,
2198 2666 2321 2736 vel
2382 2675 2472 2737 ut
2523 2660 2952 2737 distinctius
3005 2662 3380 2751 referam,
3455 2659 3917 2757 apparebunt

704 2765 855 2839 tria
905 2762 1429 2857 explicationis
1480 2758 1773 2858 spatia,
1828 2762 1911 2835 in
1954 2786 2279 2858 quorum
2330 2762 2749 2858 unoquovis
2799 2760 3172 2858 quaedam
3224 2761 3609 2836 idealismi
3664 2759 3917 2836 forma

702 2865 871 2950 vim
918 2886 1006 2934 ac
1060 2874 1501 2957 potestatem
1553 2858 1929 2954 obtineat3
1980 2886 2309 2960 quarum
2359 2861 2790 2934 formarum
2825 2862 3224 2937 nominare
3255 2861 3913 2960 placeatprimam

704 2961 1167 3057 objectivum
1234 2961 1397 3035 sive
1461 2959 1937 3051 natur-alem,
2018 2961 2338 3038 alteram
2401 2959 2922 3051 subjectivum
2993 2963 3158 3038 sive
3223 2960 3910 3060 supernaturalem,

704 3079 775 3138 et
823 3062 1130 3138 tertiam
1179 3064 1615 3136 absolutum
1667 3065 1790 3137 vel
1834 3061 2292 3136 rationalem
2342 3060 2862 3139 idealismum.

1324 3365 1388 3446 Ι.
1526 3359 2338 3447 Idealismus
2457 3361 3266 3469 objectiv'US.
3373 3459 3382 3468 ,

994 3557 1164 3632 Iam
1220 3568 1437 3629 antea
1491 3552 2289 3651 diximus,‘quomodo
2359 3576 2614 3649 mens,
2690 3552 3134 3650 priusquam
3203 3574 3426 3629 suam
3489 3554 3725 3651 ipsius
3779 3581 3906 3631 na-

697 3675 958 3733 turam
1008 3656 1493 3753 explicuerit,
1560 3655 1642 3727 in
1696 3680 1958 3729 rerum
2011 3656 2298 3752 species
2363 3653 2577 3749 quasi
2643 3653 2992 3728 demersa
3043 3653 3141 3727 sit
3221 3668 3440 3751 atque
3505 3656 3906 3750 implicita.

699 3760 1039 3851 Quarum
1086 3756 1225 3842 ‚ubi
1288 3753 1557 3830 ditioni
1619 3779 1799 3829 suae
1864 3756 2269 3852 subjecerit
2316 3753 2986 3851 materiam‚,non
3040 3756 3265 3829 modo
3316 3776 3581 3846 suam,
3638 3761 3934 3830 verum*

598 3941 604 3946 ,
694 3858 934 3931 etiam
997 3880 1262 3931 rerum
1325 3858 1668 3952 ipsarum
1725 3857 2200 3945 libertatem,
2278 3878 2545 3928 veram
2615 3871 3157 3954 aeternamque
3203 3869 3559 3932 naturam
3613 3858 3904 3952 assequi

695 3958 989 4031 nititur:
1093 3958 1334 4032 Suam
1389 3971 1645 4031 autem
1697 3952 2423 4054 ipsinslibertatem
2454 3956 2689 4030 simul
2743 3981 2834 4033 ac
2883 3980 3147 4031 rerum
3211 3980 3409 4048 esse,
3475 3981 3658 4054 prae
3711 3970 3904 4031 cete·

690 4058 804 4132 ris
855 4070 1287 4157 memoratu
1341 4056 1572 4156 digna
1622 4055 1922 4144 videtur
1970 4058 2354 4155 persuasio
2371 4089 2395 4151 3
2474 4071 2746 4135 natura
2782 4119 2787 4124 .
2819 4056 3030 4132 enim
3089 4058 3167 4130 in
3241 4056 3522 4131 mentis
3588 4057 3904 4132 actioni-

689 4158 828 4234 bus
878 4172 969 4231 et·
1005 4172 1362 4255 potestate
1411 4183 1492 4232 se
1544 4157 1792 4253 ipsam
1854 4158 2066 4254 quasi
2140 4159 2424 4234 devicit
2476 4173 2699 4255 atque
2763 4158 2844 4232 in
2912 4170 3247 4230 mentem
3317 4158 3702 4234 transtulit
3769 4159 3903 4250 ita,

688 4271 776 4332 ut
828 4283 1040 4333 mens
1091 4272 1167 4333 et
1219 4260 1520 4334 diversa
1574 4284 1621 4331 a
1690 4272 2004 4351 natura,
2104 4273 2177 4335 et
2218 4260 2512 4336 »eadem
2597 4273 2674 4332 et
2751 4257 3073 4355 denique
3143 4259 3303 4355 ejus
3369 4258 3678 4335 effectus
3745 4282 3903 4331 esse

690 4357 1062 4435 videatur.
2120 4415 2123 4418 >
3788 4433 3794 4439 .

986 4457 1319 4533 Liberae
1366 4473 1624 4535 autem
1669 4458 1956 4531 'mentis
2008 4472 2363 4532 naturam
2418 4481 2574 4531 esse
2622 4455 3070 4550 «scientium,
3153 4461 3374 4557 plane
3444 4458 3524 4529 in
3595 4469 3895 4550 promtu

690 4574 841 4652 est;
897 4559 1264 4657 quomodo
1315 4585 1499 4636 vero
1555 4573 1912 4633 naturam
1964 4581 2184 4653 seque
2242 4583 2457 4633 mens
2508 4557 2778 4631 liberet
2826 4573 2900 4632 et
2952 4560 3295 4664 veritatis
3348 4569 3696 4631 aeternae
3740 4582 3899 4653 spe-

687 4663 890 4734 ciem
935 4666 1308 4761 proferat,
1388 4660 1516 4737 abs
1589 4659 1916 4756 quonam
1989 4657 2295 4749 deinde,
2373 4672 2636 4736 utrum
2708 4683 2752 4733 a
2803 4672 3073 4735 natura
3132 4683 3229 4733 an
3282 4681 3359 4731 se
3411 4657 3573 4755 ipsa
3625 4665 3895 4753 cogno-

582 4800 586 4804 ·
683 4761 955 4837 scenda
1009 4763 1568 4858 proficiscatur,
1647 4760 1905 4833 minus
1955 4758 2158 4833 inter
2206 4784 2467 4835 omnes
2539 4761 3010 4858 exploratum
3064 4758 3603 4859 cognitumque
3652 4757 3960 4854 video..·

686 4865 1154 4960 Exquiratur
1193 4891 1368 4941 sane
1420 4877 1493 4939 et
1545 4861 1953 4939 definiatur
2005 4885 2307 4935 necesse
2357 4876 2467 4954 est
2517 4861 2796 4934 mentis
2846 4860 3192 4951 scientia,
3232 4859 3430 4935 unde
3481 4861 3774 4933 oriatur
3805 4871 3899 4928 *et

684 4966 810 5058 qui
865 4978 938 5037 et
988 4990 1131 5059 quo
1197 4971 1361 5046 loco
1425 4964 1637 5063 quasi
1708 4975 2211 5059 comparetur.
2321 4959 2525 5057 Quod
2579 4961 2665 5056 <si
2729 4960 3164 5037 accuratius
3215 4956 3891 5057 exploraverimus.
