4919 5890
2506 533 2516 543 “
2552 538 2599 602 4

987 737 1458 840 principem,
1520 760 1836 834 eausam
1890 754 2283 820 aeternam
2335 740 2547 836 dico,
2607 755 2685 820 et
2731 765 2996 821 rerum
3047 740 3491 824 divinarum
3541 761 3618 825 et
3667 748 4195 830 humanarum

990 841 1207 940 quasi
1255 841 1547 915 fontem
1596 842 2130 941 universalem.
2182 885 2283 902 —
2443 893 2459 929 s
2801 884 2806 891 „
3137 856 3143 864 ‘

1290 942 1507 1017 Haec
1558 942 1868 1040 spiritus
1912 944 2071 1034 vis,
2153 958 2285 1019 aut
2349 944 2699 1042 primum
2766 945 3164 1046 cognitum
3230 946 3862 1049 incognitumque
3911 950 4203 1051 princi-

992 1043 1210 1141 pium
1260 1043 1617 1120 movendi
1669 1044 2101 1122 universale
2159 1044 2381 1122 idem·
2422 1061 2574 1138 est,
2657 1046 2851 1144 quod
2916 1046 3202 1124 Graeci
3265 1052 3467 1141 νοῦν,
3544 1051 3817 1126 Latini
3870 1064 4207 1126 mentem

993 1143 1155 1221 sive
1205 1142 1557 1215 animum
1580 1146 1585 1151 ’
1610 1170 1751 1220 nec
1802 1172 1951 1222 non
1990 1144 2393 1243 spiritum,
2470 1149 2708 1225 nostri
2761 1146 3019 1241 Geist,
3092 1149 3511 1250 Weltgeist
3571 1153 4018 1247 nominant3
4086 1151 4213 1227 sin

998 1252 1267 1320 autem
1304 1244 1652 1319 Absoluti
1703 1246 1955 1337 ideam
2008 1247 2505 1343 respicimus,
2572 1263 2685 1324 est
2731 1248 2946 1324 ideae
2995 1249 3025 1324 i
3077 1251 3231 1331 sius
3282 1248 3592 1346 anima,
3671 1254 3877 1348 sive,
3964 1258 4226 1351 quam'

999 1345 1288 1425 Graeci
1338 1347 1714 1444 appellant
1761 1344 2091 1440 ψυχήν,
2162 1362 2249 1423 et·
2290 1350 2529 1423 nostri
2579 1347 2831 1441 Seele,
2909 1276 3373 1442 ngtseele,
3439 1379 3674 1451 eaque
3739 1354 4009 1431 divina
4075 1353 4216 1428 illa
4315 1398 4324 1405 ‹

1001 1444 1355 1522 omnium
1407 1470 1671 1522 rerum
1723 1450 2015 1522 semina
2059 1474 2151 1524 ac
2201 1450 2490 1548 species
2540 1450 2624 1526 in
2674 1476 2752 1526 se
2800 1452 3111 1528 volvens
3159 1460 3450 1531 natura.
3568 1454 3901 1552 Spiritus
3955 1467 4218 1530 autem

1001 1574 1236 1647 quum
1297 1574 1338 1623 e
1402 1572 1666 1623 rerum
1729 1551 2236 1646 penetralibus
2302 1565 2648 1652 emergat
2700 1565 2775 1626 et
2839 1552 2931 1627 ab
2997 1554 3096 1629 iis
3163 1556 3248 1631 in
3296 1554 3572 1631 formis
3647 1557 3806 1631 su'is
3877 1556 4217 1631 circum-

1002 1651 1328 1748 scriptus
1377 1650 1478 1729 sit
1529 1673 1619 1724 ac
1676 1648 2063 1742 definitus,
2115 1651 2198 1725 in
2249 1653 2602 1728 universa
2653 1666 2929 1729 natura
2979 1657 3308 1741 materie
3368 1658 3495 1731 vel
3546 1682 3859 1755 corpore
3909 1654 4219 1732 indutus

1007 1748 1712 1849 comprehenditur,
1793 1753 2154 1828 materies
2204 1777 2384 1827 vero
2435 1755 2604 1852 ipsa
2651 1753 2815 1829 sive
2865 1769 3134 1832 natura
3178 1758 3409 1834 sicuti
3474 1758 3635 1852 ejus
3686 1773 4001 1834 naturae
4070 1757 4218 1831 ele-

1011 1866 1359 1928 mentum
1434 1854 1557 1925 vel
1626 1848 2097 1955 principium
2161 1854 2491 1954 intelligi
2564 1853 2799 1931 debet.
2942 1853 3450 1958 Complexum
3520 1872 3776 1934 autem
3840 1856 4222 1946 omnium,

1012 1978 1195 2052 qnas
1245 1966 1518 2027 natura
1570 1953 1942 2044 continet,
1995 1978 2258 2029 rerum
2322 1957 2391 2029 si
2449 1956 2844 2053 opponitur
2893 1959 3153 2034 animo
3201 1961 3364 2034 sive
3415 1958 3752 2056 spiritui,
3806 1958 4091 2030 realem
4148 1969 4225 2029 et

1008 2079 1159 2130 uno
1198 2053 1438 2127 'verbo
1486 2051 1758 2149 Reale3
1819 2055 2129 2151 spiritus
2181 2081 2402 2147 vero,
2487 2057 2842 2152 quamvis
2892 2061 3053 2154 ejus
3104 2060 3375 2136 idealis
3425 2072 3697 2134 natura
3744 2056 4226 2155 universalia,

1009 2180 1166 2230 una
1213 2168 1289 2227 et
1335 2166 1493 2229 tota
1544 2153 1682 2245 sit,
1768 2154 1851 2228 in
1915 2154 2138 2229 rebus
2188 2169 2440 2229 autem
2494 2156 2752 2231 varius
2818 2170 2893 2230 et
2948 2160 3167 2253 quasi
3219 2160 3588 2236 discretus
3640 2183 3801 2236 esse
3849 2157 4226 2249 videatur,

1013 2252 1468 2332 discrimina
1519 2250 1775 2327 dicam
1828 2252 2151 2343 idealia,
2228 2258 2350 2327 vel
2399 2281 2548 2326 uno
2600 2257 2829 2329 verbo
2879 2255 3168 2332 Ideale.
3855 2296 3858 2305 .

1318 2354 1525 2447 Quae
1574 2354 1676 2428 sit
1723 2352 2035 2454 spiritus
2089 2353 2208 2429 vis
2260 2377 2352 2429 ac
2404 2365 2718 2443 natura,
2782 2352 2987 2428 inter
3035 2380 3301 2431 omnes
3350 2361 3535 2434 satis
3585 2371 3919 2451 constat;
3970 2357 4051 2433 id
4100 2380 4231 2433 au-

1015 2471 1180 2532 tem
1228 2454 1802 2553 opinor-“minus
1851 2467 2220 2545 constare,
2273 2453 2358 2529 in
2390 2454 2814 2529 actionibus
2862 2456 3021 2531 suis
3070 2483 3342 2533 revera
3392 2484 3478 2534 eo
3501 2459 3728 2533 illum
3756 2455 4233 2547 contendere,

1015 2572 1105 2633 ut
1154 2557 1569 2632 materiam
1618 2556 1767 2630 sibi
1818 2558 2235 2654 oppositam
2286 2555 2368 2630 in
2430 2578 2652 2631 suam
2714 2568 3161 2653 potestatem
3223 2559 3590 2660 redigat,
3657 2573 3734 2633 et
3808 2569 4234 2633 commutet
4325 2618 4330 2626 .

1023 2660 1107 2734 in
1157 2682 1379 2733 suam
1429 2659 1666 2757 ipsius
1718 2671 2097 2741 naturam.
2206 2656 2458 2750 Quum
2514 2670 2771 2732 autem
2827 2656 3020 2731 nihil
3075 2660 3238 2759 ipse
3289 2662 3391 2736 sit
3443 2659 3594 2735 nisi
3643 2658 3762 2734 vis
3814 2658 4091 2759 agendi
4138 2681 4234 2734 ac

1026 2756 1415 2860 cogitandi
1465 2761 1588 2834 vel
1639 2782 1906 2834 earum
1920 2810 1945 2850 ‚
2025 2782 2215 2855 quae
2266 2756 2414 2831 sibi
2464 2754 2884 2855 propositae
2934 2758 3112 2850 sint,
3165 2785 3429 2836 rerum
3479 2759 3726 2852 notio,
3796 2765 3961 2834 sive
4012 2757 4231 2835 ideae

1026 2875 1367 2962 potestas
1421 2884 1514 2937 ac
1587 2860 1832 2936 virtus
1897 2858 2201 2952 (ν’όημα,
2272 2857 2682 2950 Gedanke,
2773 2859 3136 2961 Begriff),
3221 2877 3538 2936 naturae
3634 2873 3720 2934 ut
3794 2860 3939 2937 hoc
4004 2859 4233 2935 verbo

984 2976 1246 3055 ,utam
1297 2960 1797 3058 objectionem
1844 2961 2006 3038 sive
2057 2960 2655 3056 objectivitatem
2709 2961 2871 3059 ipsa
2921 2961 3307 3061 cogitandi
3359 2963 3439 3037 vi
3502 2961 3803 3037 auferre
3854 2975 3928 3035 et
3976 2960 4060 3033 in
4114 2985 4236 3044 co-

1084 3063 1433 3153 itationes
1484 3062 2003 3160 notionesque,
2056 3085 2246 3157 quae
2291 3075 2468 3135 sunt
2515 3060 2729 3136 ideae
2767 3087 3052 3160 ‚pur-ae,
3118 3076 3596 3137 commutare
3662 3061 3952 3134 nititur.
4074 3060 4239 3158 Qua

1032 3091 1128 3240 {e
1176 3191 1265 3239 re
1292 3163 1434 3254 fit,
1508 3178 1591 3237 ut
1640 3189 1764 3239 res
1811 3163 2140 3238 materia
2188 3161 2526 3258 privatae
2577 3175 2651 3236 et
2702 3164 2786 3238 in
2836 3162 3340 3258 subjectivam
3395 3176 3751 3240 naturam
3802 3162 4241 3253 translatae,

1038 3291 1184 3342 non
1241 3263 1571 3360 amplius
1620 3265 1911 3341 realem
1964 3264 2341 3338 retineant
2391 3276 2785 3354 naturam,
2837 3262 2966 3338 sed
3017 3261 3345 3338 idealem
3395 3263 3550 3340 sint
3601 3274 3896 3338 nactae.
4010 3261 4241 3335 Actio

1042 3381 1302 3443 autem
1363 3363 1555 3441 haec
1611 3390 1877 3441 rerum
1939 3364 2663 3440 commutandarum
2739 3365 2903 3461 ipsa
2967 3363 3274 3457 idealis,
3354 3378 3429 3440 et
3491 3387 3674 3439 cum
3707 3387 3826 3440 ,re
3876 3363 4252 3438 translata>

1041 3492 1285 3545 unum
1329 3466 1545 3563 quasi
1597 3481 2039 3544 concretum
2090 3478 2224 3558 est,
2278 3465 2470 3562 quod
2519 3489 2782 3542 rerum
2831 3464 3555 3566 idealeappelletur,
3611 3464 3663 3539 i.
3715 3490 3779 3539 e.
3830 3463 4033 3538 notio
4077 3463 4243 3538 sive

924 3591 941 3606 ‘
1039 3569 1439 3670 cogitati03
1508 3568 1713 3645 hunc
1762 3569 1790 3643 i
1848 3564 2005 3643 itur
2052 3579 2375 3659 statum,
2452 3591 2678 3662 quem
2732 3591 2855 3643 res
2900 3566 3239 3644 obtinent
3301 3569 3385 3644 in
3436 3566 3810 3662 subjecto,
3872 3562 4077 3639 haud
4126 3562 4243 3638 in-
4307 3631 4322 3640 ,
4435 3602 4450 3611 -

1043 3685 1209 3771 epte
1261 3668 1663 3744 nominant
1711 3669 1805 3743 iti
1860 3694 1984 3744 em
2034 3669 2361 3741 ide-alem
2415 3668 2578 3742 sive
2628 3667 3150 3740 Idealitatem.
3281 3666 3478 3761 Quid
3537 3680 3796 3741 autem
3861 3662 4067 3741 aliud
4131 3676 4245 3739 est

956 3763 961 3770 ’
1045 3773 1238 3847 haec
1281 3769 1592 3869 spiritus
1641 3770 1839 3845 actio
1885 3770 2037 3846 nisi
2089 3769 2284 3848 ratio
2332 3766 2832 3863 cog-noscendi
2872 3766 3039 3842 sive
3087 3765 3432 3842 sciendi?
3520 3768 3722 3842 Nam
3776 3765 4029 3841 omnis
4081 3765 4244 3860 ejus

1050 3872 1258 3948 nisus
1309 3868 1793 3969 studiumque
1855 3872 2203 3971 pertinet
2246 3867 2340 3956 ad
2405 3867 2826 3968 perfectam
2877 3867 3377 3966 omnibusque
3410 3868 3775 3954 ,numeris
3825 3866 4248 3977 absolutam

1052 3996 1317 4047 rerum
1378 3973 1893 4073 cognitionem
1948 3976 2072 4050 vel
2135 3969 2538 4047 scientiam
2565 3997 2597 4052 ,-
2676 3992 2867 4064 quae
2919 3981 3177 4043 autem
3229 3983 3304 4045 et
3353 3983 3634 4070 quanta
3680 3969 3833 4043 sint
3881 3967 4247 4040 scientiae

1053 4069 1506 4148 discrimina
1556 4086 1632 4146 et
1681 4075 1895 4171 quasi
1947 4075 2251 4172 gradus,
2304 4093 2486 4166 quos
2536 4071 2603 4142 is
2653 4066 3031 4161 ascendat,
3080 4070 3212 4167 qui
3254 4095 3521 4164 veram
3551 4068 3698 4143 sibi
3731 4063 4247 4164 cognitionem

1057 4172 1376 4272 adipisci
1454 4187 1810 4264 conetur,
1881 4176 2065 4251 satis
2144 4169 2611 4269 experientia
2659 4171 3009 4266 clareque
3076 4171 3292 4246 docet
3306 4199 3330 4263 3
3411 4165 3787 4265 quodnam
3849 4187 4026 4238 vero
4091 4186 4252 4235 mo-

1056 4288 1403 4350 mentum
1454 4272 1677 4371 idque
1727 4278 2278 4374 gravissimum
2329 4271 2409 4346 in
2461 4270 2932 4372 philosophia
2979 4270 3399 4359 obtineant,
3466 4268 3609 4344 hoc
3661 4264 3875 4343 nobis
3926 4263 4254 4361 amplius

1055 4389 1167 4453 est
1213 4372 1903 4470 demonstrandum.
1996 4425 1999 4426 ν
3903 4407 3910 4414 «
