4919 5890
2583 563 2628 624 2

991 750 1367 849 explicare
1434 753 1818 828 obtineret.
1940 755 2103 832 Hoc
2191 782 2428 832 unum
2497 760 2976 836 indefinitum
3030 774 3105 835 et
3163 758 3663 835 informatum
3712 759 3937 857 idque
3974 775 4209 853 recte,

993 866 1079 925 ut
1126 852 1448 945 vitietur,
1498 858 1703 940 Plato
1753 856 1836 928 in
1887 855 2101 931 ideae
2150 859 2487 935 formam
2541 860 2882 961 redigere
2930 861 3355 955 constituit,
3408 862 3682 959 quippe
3727 861 3921 954 quod
3958 888 4207 937 unum

1000 951 1146 1026 nisi
1190 952 1605 1049 quoddam,
1669 955 1745 1029 id
1798 969 1906 1029 est
1958 956 2391 1035 definitione
2458 963 2710 1059 aliqua
2776 960 3279 1060 descriptum,
3348 960 3511 1035 sive
3579 963 3838 1058 quale,
3906 964 4203 1058 percipi

996 1078 1143 1127 non
1194 1054 1466 1150 possit3
1526 1071 1756 1152 atque·
1796 1052 1941 1131 hoc
1988 1058 2165 1155 ipso-
2200 1061 2419 1135 modo
2472 1087 2823 1137 numeros
2894 1087 3038 1136 non
3119 1061 3418 1160 longius
3485 1063 3732 1136 solum
3848 1064 4210 1152 romovit,

996 1152 1120 1227 sed
1176 1153 1270 1227 ad
1319 1156 1747 1252 specierum
1798 1157 2035 1231 etiam
2087 1163 2642 1237 universalium
2697 1162 2966 1237 extulit
3013 1161 3490 1260 dignitatem.
3593 1161 3808 1234 Arist
3859 1164 4038 1238 teles
4075 1188 4205 1236 au-

995 1268 1155 1328 tem
1207 1254 1412 1328 inter
1459 1280 1719 1332 omnes
1774 1260 2113 1333 maxime
2166 1262 2311 1336 hac
2364 1262 2454 1336 de
2508 1291 2593 1338 re
2646 1260 3159 1354 est'meritu33
3214 1261 3554 1335 dissolvit
3605 1262 3815 1336 enim
3868 1263 4200 1338 Platonis

910 1382 913 1383 f
997 1353 1205 1429 ideas
1256 1379 1524 1452 easque
1578 1358 1726 1448 ita,
1799 1372 1883 1431 ut
1948 1358 2163 1435 ideae
2228 1377 2586 1439 naturam
2640 1360 3066 1461 exponendo
3137 1364 3297 1459 ejus
3363 1362 3743 1461 detegeret
3810 1377 4202 1439 momenta

997 1458 1158 1545 sive
1210 1460 1602 1533 elementa.
1707 1461 1903 1532 Nam
1954 1463 2137 1535 satis
2189 1475 2263 1536 et
2315 1466 2600 1539 acriter
2642 1465 3188 1560 contemplatus
3234 1463 3460 1537 unius
3530 1465 3650 1536 vel
3714 1461 3931 1538 ideae
3986 1477 4200 1538 natu-

998 1580 1168 1630 ram
1215 1558 1629 1632 secundum
1683 1560 2067 1656 triplicem
2119 1564 2463 1638 maxime
2515 1581 2764 1641 motus
2813 1565 3152 1640 formam
3206 1563 3537 1652 invenit,
3583 1587 4202 1661 unamquamque
4239 1568 4248 1577 ’“

1000 1657 1247 1730 ideam
1301 1658 1382 1731 in
1433 1682 1511 1734 se
1565 1660 1949 1734 continere
2001 1662 2371 1758 quaedam
2408 1659 2886 1742 'substantiae
2938 1678 3011 1739 et
3059 1663 3379 1739 actionis
3433 1679 3841 1745 momenta.
3948 1664 4201 1757 Quum

998 1771 1252 1831 autem
1305 1760 1568 1835 omnia
1620 1758 1712 1834 ad
1765 1785 2029 1834 unum·
2063 1776 2305 1838 totum
2354 1782 2716 1866 vergant,
2766 1779 3011 1839 totum
3076 1765 3332 1862 ipsum
3395 1767 3555 1854 vel,
3609 1779 3691 1837 ut
3756 1765 3864 1839 ita
3915 1763 4200 1854 dicam,

999 1856 1076 1930 id
1128 1881 1358 1958 agens
1410 1876 1668 1935 actum
1721 1860 2215 1935 entelechiam
2263 1869 2761 1961 (ἐντελέχειαν)
2821 1865 3169 1957 vocavit,
3215 1890 3406 1960 quae
3456 1865 3616 1939 fere
3664 1856 3955 1954 ead'em,
4008 1875 4200 1961 quae

994 1957 1199 2049 idea3
1255 1962 1491 2055 n'eque
1542 1975 1802 2035 tamen
1852 1961 2276 2060 implicita,
2329 1968 2456 2041 sed
2509 1965 2870 2065 explicita
2922 1981 2996 2043 et
3037 1966 3130 2041 ad
3156 1978 3408 2063 partes
3437 1988 3649 2056 suas,
3704 1965 3917 2059 quasi
3953 1989 4198 2038 mem-

993 2058 1173 2147 bra,
1227 2062 1632 2136 constituta
1672 2085 1832 2135 esse
1884 2063 2217 2141 videtur:
2647 2078 2654 2087 ·
2838 2079 2850 2103 ²
2977 2058 3005 2105 ·.
3635 2068 3650 2081 ‘

1142 2162 1145 2165 ’
1293 2161 1507 2235 Haec
1556 2161 1851 2257 saepius
1900 2166 2197 2239 turbato
2256 2182 2331 2242 et
2397 2164 2804 2265 depravato
2875 2177 3073 2238 statu
3138 2162 3229 2240 de
3297 2165 3488 2240 ideis
3541 2161 3888 2238 doctrina
3934 2176 4196 2262 propa-

991 2271 1324 2356 gatavest
1371 2286 1506 2357 per
1556 2259 1903 2332 medium
1954 2284 2256 2351 aevum,
2306 2290 2576 2359 easque
2621 2268 2818 2358 ipsas
2870 2267 3088 2362 longo
3142 2266 3508 2363 temporis
3556 2265 3953 2341 intervallo
4003 2266 4198 2339 mul-

991 2359 1234 2455 tisque
1298 2357 1961 2436 detrectationibus
2025 2361 2497 2439 scholasticis
2561 2364 2781 2460 plane
2838 2365 3287 2456 exstirpatas
3351 2365 3567 2456 quasi
3611 2375 3734 2435 *et‘
3785 2364 4206 2460 'absorptas

972 2472 1215 2549 ,nacta
1264 2473 1675 2537 estnostra
1727 2475 1950 2536 aetas.
2000 2496 2009 2513 ·
2068 2458 2438 2554 Cartesii,
2514 2462 2954 2560 Spinozae,
2989 2460 3448 2550 Leibnitzii,
3519 2456 3820 2552 Cantii,
3882 2464 4197 2555 Fichtii,

991 2558 1447 2660 schellingii
1500 2576 1575 2635 et
1624 2563 1933 2661 Hegelii
1979 2574 2047 2636 v.
2103 2589 2167 2638 c.
2218 2560 2550 2663 ingeniis
2604 2576 2751 2637 non
2802 2559 3266 2637 reviviscere
3319 2558 3580 2650 modo,
3650 2560 3781 2635 sed
3832 2560 3928 2635 ad
3981 2562 4195 2637 altio-

991 2683 1161 2733 rem
1213 2687 1501 2758 quoque
1551 2663 1920 2737 virtutem
1974 2678 2051 2737 et
2108 2679 2549 2762 potestatem
2618 2664 2917 2761 prodire
2981 2663 3355 2737 videntur.
3478 2664 3667 2737 Prae
3729 2659 3998 2738 ceteris
4064 2676 4202 2739 au·'·

987 2774 1147 2836 tem
1201 2762 1657 2861 philosophis
1706 2762 2087 2858 Hegelius
2137 2779 2388 2840 noster
2438 2764 2529 2840 de
2581 2765 2772 2840 ideis
2821 2764 3208 2839 doctrinae
3257 2762 3626 2851 fundum,
3681 2762 3746 2835 si
3786 2786 3931 2835 non
3974 2764 4202 2860 plane

990 2862 1338 2937 exhausit
1429 2877 1504 2938 et
1572 2863 1656 2938 in
1709 2865 1871 2962 ejus
1920 2879 2170 2962 partes
2219 2866 2597 2965 exposuit,
2673 2863 3022 2941 ad·illud
3087 2877 3346 2939 tamen
3414 2862 3796 2939 acuminis
3848 2865 4198 2960 provexit

987 2963 1424 3060 fastigium,
1519 2978 1605 3040 ut
1665 2964 1858 3041 haec
1927 2965 2270 3042 doctrina
2323 2982 2452 3041 aut
2512 2969 2751 3057 nullo,
2846 2980 2976 3041 aut
3028 2965 3357 3038 minimo
3411 2963 3632 3036 modo
3683 2972 3757 3036 et
3806 2965 4071 3063 augeri
4117 2979 4194 3040 et

990 3064 1280 3161 corrigi
1331 3089 1540 3160 posse
1585 3065 1957 3139 videatur.
2342 3091 2347 3100 ·
2973 3127 2978 3134 ,

1286 3163 1434 3239 Sed
1483 3163 1548 3238 si
1593 3163 2103 3262 adspiciamus
2152 3164 2711 3261 provectionem
2762 3163 3111 3239 idearum
3163 3162 3446 3259 ipsam,
3487 3165 3630 3237 hoc
3658 3160 4216 3259 explicandum>

988 3261 1376 3358 hahemus.
1496 3263 1612 3352 De
1688 3266 2064 3362 partibus,
2144 3290 2333 3360 quae
2404 3262 2620 3341 ideae
2687 3262 2840 3339 sint
2924 3262 3570 3353 adnumerandae,
3651 3265 3813 3359 jam
3904 3265 4189 3360 loquuti

990 3386 1290 3456 sumus,
1357 3389 1496 3441 nec
1546 3378 1807 3441 tamen
1857 3366 2041 3442 satis
2093 3364 2184 3439 de
2235 3365 3057 3465 earum·explicatione
3113 3377 3189 3437 et
3234 3362 3458 3438 facie.
3581 3363 3717 3437 Est
3768 3377 4026 3438 autem
4074 3363 4192 3440 fa-

989 3464 1144 3540 cies
1195 3463 1277 3539 in
1331 3490 1551 3541 cursu
1608 3467 2093 3566 expositionis
2145 3468 2498 3542 universe
2547 3468 2822 3566 triplex
2837 3511 2882 3560 ,-
2915 3468 3129 3564 cujus
3179 3465 3524 3563 primam
3569 3464 3831 3536 ideam
3875 3467 4185 3561 puram,

985 3565 1146 3641 sive
1197 3563 1686 3664 implicitam,
1741 3571 2065 3644 alteram
2116 3567 2587 3665 explicitam,
2639 3570 2801 3644 sive
2852 3569 3322 3658 abstractam
3376 3580 3451 3642 et
3499 3565 3813 3674 tertiam
3864 3564 4186 3665 denique

986 3664 1413 3763 replicitam
1456 3670 1624 3743 sive
1674 3669 2107 3742 absolutam
2162 3670 2284 3740 vel
2342 3665 2759 3766 perfectam
2823 3669 3052 3744 liceat
3116 3667 3620 3741 nominemus.
3738 3664 4008 3739 Prima
4066 3690 4186 3741 ea·

982 3783 1157 3840 rum
1206 3768 1637 3843 continetur
1687 3769 1915 3842 unius
1960 3768 2247 3867 specie,
2313 3783 2698 3858 constans,
2776 3783 2861 3840 ut
2911 3769 3021 3842 ita
3072 3764 3368 3862 dicam,
3451 3769 3531 3843 in
3585 3780 3841 3842 mente
3894 3765 4183 3858 divina,

982 3866 1400 3940 etexsistit
1458 3881 1630 3943 ante
1683 3868 1953 3943 mundi
2002 3893 2136 3944 seu
2185 3881 2500 3945 naturae
2552 3869 2892 3960 initium,
2927 3882 3029 3967 'et
3067 3867 3380 3943 initium
3430 3869 3685 3968 ipsum
3732 3870 3856 3943 vel
3903 3867 4185 3967 princi-

983 3967 1196 4064 pium
1249 3969 1374 4041 est‘
1409 3969 1932 4067 omniumque,
1985 3994 2175 4068 quae
2226 3969 2376 4043 sint
2428 3984 2501 4044 et
2553 3972 2760 4061 fiant,
2812 3995 3089 4047 nervus
3141 3968 3354 4067 quasi
3405 3984 3479 4058 et
3529 3961 3941 4046 substantia
3959 3973 3998 4056 3'
4028 3964 4183 4038 sin-

983 4069 1731 4168 gula-enimomnia
1777 4072 1860 4145 in
1890 4073 2056 4146 hoo
2100 4096 2286 4160 un0,
2336 4084 2421 4144 ut
2473 4075 2690 4146 arbor
2730 4073 2812 4146 in
2862 4072 3178 4161 semine,
3231 4071 3607 4167 implicita
3659 4079 3830 4140 sunt
3882 4076 3958 4136 et
4008 4089 4182 4140 con-

940 4169 1277 4262 ·voluta3
1356 4183 1464 4244 est
1515 4196 1696 4246 sane
1742 4172 1941 4246 nihil
2007 4183 2303 4270 praeter
2352 4172 2495 4246 hoc
2556 4198 2817 4248 unum.
2934 4174 3288 4245 Alteram
3343 4184 3598 4246 autem
3641 4176 4004 4236 naturam
4054 4191 4182 4238 vo-

980 4293 1293 4361 camus,
1372 4271 1455 4344 iu
1505 4296 1651 4368 qua
1705 4270 1914 4361 idea,
1991 4272 2216 4346 unius
2258 4271 2536 4348 finibus
2584 4298 2925 4374 egressa,
2991 4296 3124 4348 suo
3176 4295 3398 4344 cursu
3453 4283 3527 4341 et
3577 4263 4182 4363 stationibus-ip-¹

979 4370 1135 4444 sius
1184 4371 1568 4445 notionem
1620 4397 1752 4447 seu
1802 4372 2140 4448 formam
2194 4376 2476 4471 explet,
2523 4375 2943 4473 explicitis,
2997 4397 3188 4470 quae
3238 4370 3312 4444 ei
3362 4370 3656 4457 insunt,
3708 4365 4224 4442 discrimini-e

979 4470 1137 4544 bus.
1241 4474 1497 4569 Neque
1560 4485 1857 4565 tamen,
1944 4475 2361 4572 expletione
2427 4486 2502 4547 et
2567 4475 3064 4573 explicatione
3130 4472 3372 4561 facta,
3456 4479 3804 4545 contenta
3870 4479 3983 4539 est
4046 4491 4179 4541 suo

980 4593 1240 4668 opere,
1302 4573 1431 4648 sed
1482 4574 1727 4675 potius
1778 4575 1874 4649 ad
1924 4597 2197 4671 puram
2254 4588 2328 4647 et
2398 4574 2746 4650 divinam
2810 4595 3491 4668 rerumsuamque
3542 4568 3779 4666 ipsius
3825 4577 4181 4643 naturam

980 4670 1399 4768 contendit3
1476 4701 1698 4769 nam,
1780 4676 2081 4751 notione
2132 4701 2261 4751 seu
2312 4675 2564 4750 forma
2621 4676 2953 4752 naturali
2983 4678 3126 4751 ‘vel
3175 4672 3366 4748 reali
3417 4683 3721 4766 exacta,
3789 4667 3994 4740 nullo
4044 4694 4181 4742 un·

976 4789 1208 4870 quam
1259 4774 1480 4850 modo
1531 4799 1668 4852 sua
1719 4778 1956 4876 ipsius
2006 4791 2272 4853 natura
2300 4788 2413 4850 est
2463 4777 2821 4875 perfecta.
2923 4776 3100 4852 Idea
3114 4799 3156 4868 ,·
3186 4787 3274 4848 ut
3325 4772 3700 4862 diximus,
3727 4765 4043 4841 ‘divinae
4071 4781 4187 4843 est

979 4873 1324 4964 naturae,
1375 4889 1451 4951 et
1515 4902 1782 4954 rerum
1830 4878 2101 4953 formis
2152 4878 2444 4952 increta
2492 4881 2747 4972 quasi,
2797 4890 3145 4952 naturate
3176 4891 3249 4949 et
3280 4873 3678 4970 explicita,
3733 4868 3931 4942 hano
3960 4891 4182 4943 suam

979 4977 1402 5049 naturalem
1455 4980 1785 5070 faciem,
1836 5003 2073 5074 quum
2126 4979 2538 5076 expleverit
2572 4980 2995 5076 notionem,
3048 4978 3452 5053 dissolvere
3479 4989 3553 5050 et
3581 4968 3928 5048 divinam
3961 4991 4176 5044 suam
